4117 5617
404 545 444 603 14
912 547 937 599 1.
953 543 1104 600 THALES

403 711 543 788 Μιλήσιος
560 703 724 784 φιλόσοφος
739 710 772 770 ἐν
792 712 912 769 Τενέδωι
929 705 1085 771 άπέθανεν.
1115 712 1221 784 Sibylla
1231 712 1385 785 Erythraea
1401 712 1431 768 in
1441 714 1564 772 Eusebio
1580 717 1660 772 iuxta

401 801 527 858 Raecium
545 799 587 856 01.
599 802 624 865 9,
637 802 652 853 3
665 797 819 852 collocatur.
846 796 883 853 de
898 796 981 853 huius
992 797 1115 867 epochae
1125 803 1224 853 natura
1235 797 1269 854 cf.
1280 797 1407 868 Phlegon
1417 815 1502 868 supra
1512 817 1540 870 ρ.
1552 805 1583 856 12
1594 819 1623 856 n.
1633 807 1661 858 2.

400 885 544 942 Tenedum
560 888 675 954 propter
692 881 876 937 Cleostratam
893 886 931 949 (v.
942 898 969 951 p.
984 886 1025 948 18)
1044 882 1155 938 scholae
1174 882 1374 939 astronomicae
1397 886 1475 952 quasi
1491 883 1659 942 diadochum

402 971 496 1027 flotam
513 985 574 1025 εεεε
590 968 665 1023 vidit
679 966 873 1024 Wilamowilz.

504 1145 529 1196 9.
546 1140 646 1194 Ρτιιτο
661 1137 776 1194 Theaet.
795 1138 887 1193 lllA.
906 1128 1007 1211 ώσπερ
1023 1139 1071 1194 καί
1084 1140 1177 1208 Θαλῆς
1189 1132 1429 1212 άστρονομοῦντα
1446 1142 1499 1197 καί
1510 1137 1574 1198 άνω
1591 1141 1658 1215 βλέ-

403 1248 507 1292 ποντα,
524 1221 653 1284 πεσόντα
672 1226 712 1290 τίς
728 1223 831 1297 φρέαρ,
846 1219 973 1292 θρῶιττά
990 1243 1033 1290 τις
1048 1221 1171 1295 ἐμμελὴς
1186 1227 1236 1281 καί
1246 1226 1388 1297 χαρίεσσα
1400 1220 1602 1296 θεραπαινίς’
1582 1246 1658 1284 απο-

402 1316 519 1385 σκῶψαι
537 1310 659 1382 λέγεται,
675 1302 718 1374 ώς
734 1303 771 1366 τότ
787 1306 842 1378 μέν
858 1300 943 1365 ἐν
908 1312 1036 1381 ουρανῶι
1052 1314 1236 1380 προθυμοῖτο
1255 1308 1366 1378 εἰδέναι,
1390 1331 1425 1369 τα
1443 1303 1472 1366 δ’
1488 1306 1659 1418 ἐμπροσθεν

403 1391 491 1455 αύτοῠ
507 1399 556 1453 καί
573 1389 653 1465 παρόι
671 1390 764 1460 πόδας
780 1392 921 1452 λανθάνοι
938 1387 1036 1451 αύτόν.

506 1570 546 1620 16.
563 1565 699 1620 Αυιετου.
717 1563 777 1619 Pol.
794 1563 826 1618 A
844 1567 875 1618 11
896 1567 991 1618 1259·6
1016 1561 1112 1622 πάντα
1135 1559 1192 1635 γάρ
1210 1555 1339 1637 ώφέλιμα
1357 1557 1518 1623 ταῦτ’ἐστί
1535 1576 1599 1635 τοῖς
1616 1587 1657 1626 τι·

402 1656 477 1721 μῶσι
494 1648 547 1725 τήν
561 1644 793 1724 χρηματιστικήν,
816 1642 880 1706 οἷον
901 1652 950 1706 καί
972 1645 1008 1706 τό
1028 1644 1129 1707 θάλεω
1152 1651 1205 1705 τοῦ
1223 1650 1373 1721 Μιλησίου.
1409 1653 1496 1708 τοῦτο
1519 1647 1577 1724 γάρ
1593 1650 1657 1710 ἐστι

401 1733 573 1808 κατανόημά
594 1756 621 1793 τι
642 1730 876 1807 χρηματιστικόν,
898 1727 965 1791 ἄλλ’
981 1732 1096 1792 ἐκείνωι
1117 1733 1171 1803 μέν
1188 1731 1233 1792 διὰ
1251 1734 1304 1807 τήν
1321 1736 1430 1804 σοφίαν
1444 1732 1655 1808 προσάπτουσι.

402 1817 536 1893 τυγχάνει
554 1821 585 1880 δὲ
600 1819 733 1878 καθόλου
750 1840 778 1877 τι
796 1815 839 1876 ὄν.
877 1814 1077 1888 ὀνειδιζόντων
1095 1818 1153 1891 γάρ
1171 1812 1260 1877 αύτῶι
1277 1814 1322 1877 διὰ
1341 1816 1393 1891 τήν
1404 1822 1508 1878 πενίαν
1524 1814 1564 1886 ώς
1581 1814 1656 1880 άνω-

402 1910 507 1978 φελοῦς
524 1909 574 1978 τῆς
591 1907 767 1979 φιλοσοφίας
784 1899 878 1974 ούσης,
894 1900 1118 1975 κατανοήσαντά
1141 1923 1229 1977 φασιν
1247 1897 1337 1962 αύτόν
1352 1903 1457 1962 ἐλαιῶν
1474 1901 1572 1981 φορὰν
1589 1904 1656 1964 ἐσο-

401 1991 488 2064 μένην
504 1989 537 2048 ἐκ
554 2012 604 2063 της
621 1983 824 2065 άστρολογίας,
841 1983 883 2045 ἔτι
897 1992 1041 2060 χειμῶνος
1059 1985 1146 2056 ὄντος
1163 1982 1364 2065 εύπορήσαντα
1374 1987 1531 2063 χρημάτων
1549 1986 1657 2064 όλίγων

401 2070 577 2150 άρραβῶνας
593 2079 738 2134 διαδοῦναι
755 2077 815 2131 τῶν
831 2071 1036 2145 ἐλαιουργείων
1053 2078 1113 2129 τῶν
1130 2094 1146 2131 τ
1151 2066 1209 2132 ἐν
1226 2071 1356 2145 Μιλήτωι
1375 2078 1425 2132 καί
1442 2077 1519 2132 Χίωι
1536 2071 1657 2134 πάντων

403 2155 502 2233 όλίγου
517 2157 744 2230 μισθωσάμενον
770 2149 819 2216 ‹lv’
846 2151 965 2225 ούδενὸς
989 2155 1206 2231 ἐπιβάλλοντος.
1242 2155 1336 2232 ἐπειδὴ
1363 2153 1391 2216 δ’
1419 2152 1435 2216 ό
1463 2159 1568 2233 καιρός
1593 2150 1656 2228 ήκε,

402 2250 518 2303 πολλῶν
534 2239 747 2317 ζητουμένων
728 2265 787 2313 αμα
801 2247 850 2300 καί
860 2241 994 2315 ἐξαίφνης
1005 2239 1237 2313 ἐκμισθοῦντα“
1219 2265 1255 2302 ον
1266 2241 1379 2315 τρόπον
1390 2239 1540 2319 ήβούλετο,
1558 2245 1654 2304 πολλοὶ

382 2360 384 2365 ·
400 2327 534 2402 χρήματα
552 2330 724 2397 συλλέξαντα
742 2318 928 2395 ἐπιδεῖξαι(1
909 2347 955 2386 οτι
972 2323 1089 2402 ράιδιόν
1110 2326 1171 2386 ἐστι
1188 2334 1323 2387 πλουτεῖν
1339 2339 1401 2396 τοῖς
1418 2327 1639 2403 φιλοσόφοις,
1618 2352 1656 2389 αν

399 2414 574 2488 βούλωνται,
592 2407 658 2471 ώλλ’
677 2407 711 2472 ού
728 2407 810 2471 τοῦτ’
828 2410 889 2471 ἔστι
906 2407 1008 2487 περ1“
990 2434 1007 2471 ο
1026 2413 1244 2482 σπουδάζουσιν.

506 2591 547 2641 11.
564 2584 654 2640 Ρυυτ.
666 2585 722 2640 Sol.
735 2589 750 2638 2
767 2586 816 2640 καί
830 2587 926 2654 θαλῆν
940 2582 970 2641 δέ
980 2602 1070 2656 φασιν
1081 2580 1220 2655 ἐμπορίαι
1229 2581 1394 2656 χρήσασθαι
1406 2589 1456 2642 καί
1462 2576 1657 2658 Ἱπποκράτην

402 2669 456 2729 τὸν
471 2665 684 2743 μαθηματικόν,
706 2672 756 2726 καὶ
776 2664 910 2725 Πλάτωνι
926 2672 977 2740 τῆς
994 2660 1157 2741 άποδημίας
1173 2660 1292 2740 ἐφόδιον
1309 2667 1409 2726 ἐλαίου
1425 2669 1505 2735 τινός
1521 2667 1553 2726 ἐν
1574 2663 1659 2743 Αίγύ-

402 2777 477 2814 πτωι
493 2752 623 2813 διάθεσιν
639 2755 783 2827 γενέσθαι.
812 2754 847 2809 de
863 2753 901 2809 Ιε.
917 2760 947 2808 et
958 2752 1026 2809 Osir.
1040 2758 1073 2808 34
1092 2749 1204 2810 οἴονται
1221 2754 1251 2811 δέ
1267 2745 1444 2827 καί“ομηρον
1461 2745 1561 2826 ώσπερ
1581 2760 1661 2828 Θαλῆ

401 2834 538 2912 μαθόντα
556 2835 630 2913 παρ’
642 2839 807 2911 Αἰγυπτίων
824 2829 900 2910 ύδωρ
918 2833 1011 2911 άρχήν
1028 2831 1166 2896 ἁπάντων
1183 2843 1232 2895 καί
1248 2839 1360 2910 γένεσιν
1371 2841 1515 2896 τίθεσθαι.
1543 2840 1660 2896 Ιοευεετ.

402 2944 425 2982 ο.
442 2927 500 2996 Ap.
516 2926 558 2980 12
576 2920 650 2983 άλλόι
667 2921 723 2996 μήν
739 2919 874 2990 καὶτοὺς
890 2927 958 2995 περί
975 2927 1035 2980 τῶν
1047 2915 1193 2995 ούρανίων
1210 2943 1241 2980 τε
1258 2928 1308 2981 καί
1324 2927 1415 2982 θείων
1433 2920 1568 2996 πρώτους
1585 2918 1660 2997 παρ’

395 3002 511 3083 Ἐλλησι
533 3005 789 3082 φιλοσοφήσαντας
812 3002 877 3064 οἷον
895 3004 1057 3080 Φερεκύδην
1082 3028 1115 3066 τε
1138 3008 1192 3066 τόν
1210 3006 1319 3078 Σύριον
1340 3013 1389 3066 καί
1406 2999 1588 3080 Πυθαγόραν
1610 3012 1661 3066 καί

406 3093 520 3170 Θάλητα
537 3092 645 3161 πάντες
666 3089 828 3165 συμφώνως
850 3088 1046 3165 ὁμολογοῦσιν
1065 3093 1231 3164 Αἰγυπτίων
1247 3098 1297 3151 καί
1314 3096 1470 3151 Χαλδαίων
1486 3094 1662 3165 γενομένους

403 3176 535 3254 μαθητὰς
554 3173 638 3251 όλίγα
657 3175 823 3251 συγγράψαι
839 3181 990 3236 καὶταῦτα
1008 3187 1071 3244 τοῖς
1076 3169 1209 3251 Ἐλλησιν
1226 3175 1297 3236 εἶναι
1315 3184 1396 3236 δοκεῖ
1404 3175 1523 3237 πάντων
1540 3172 1661 3250 άρχαιό-

404 3287 478 3324 τατα
495 3269 544 3323 καί
560 3263 645 3334 μόλις
659 3257 731 3322 αύτα
741 3259 924 3321 πιστεύουσιν
934 3258 973 3321 ύπ
978 3258 1118 3321 ’ἐκείνων
1129 3260 1301 3337 γεγράφθαι.
1328 3264 1443 3319 Amns
1455 3265 1490 3319 de
1501 3262 1571 3334 plac.
1582 3263 1635 3330 13,
1641 3269 1659 3318 1

405 3352 559 3418 [1101216]
573 3345 774 3422 φιλοσοφήσας
784 3346 816 3405 ἐν
828 3345 975 3420 Αίγύπτωι
986 3339 1076 3418 ήλθεν
1086 3348 1128 3413 είς
1140 3348 1270 3421 Μίλητον
1280 3346 1484 3422 πρεσβύτερος.
1510 3347 1614 3403 Ilm.
1625 3348 1661 3404 V.

403 3436 522 3508 Pythag.
535 3440 566 3491 12
585 3434 791 3508 προετρέψατο
811 3433 929 3501 [Thales]
946 3432 1001 3490 τὸν
1011 3430 1191 3504 Πυθαγόραν
1208 3434 1248 3499 εἰς
1266 3431 1412 3505 Αἰγυπτον
1429 3438 1595 3491 διαπλεῦσαι
1612 3437 1662 3490 καί

405 3530 467 3586 τοῖς
484 3519 516 3578 ἐν
533 3519 661 3589 Μέμφιδι
677 3521 727 3575 καί
744 3514 901 3575 Διοσπόλει
916 3513 1043 3586 μάλιστα
1061 3523 1217 3590 συμβαλεῖν
1234 3517 1351 3592 ἳερεύσι·
1370 3518 1449 3593 παρὰ
1467 3513 1525 3591 γάρ
1542 3516 1662 3575 ἐκείνων

405 3610 454 3662 καί
465 3601 570 3662 έαυτὸν
580 3600 760 3673 ἐφωδιάσθαι
772 3606 871 3667 ταῦτα,
884 3597 917 3658 δι’
930 3596 949 3659 δι’
962 3602 1056 3672 σοφός
1073 3598 1153 3676 παρὰ
1168 3613 1230 3669 τοῖς
1241 3609 1361 3670 πολλοῖς
1372 3605 1529 3673 νομίζεται.
1555 3603 1662 3658 Ρεουτ..

404 3692 435 3744 in
451 3689 610 3753 Ευο1.65,3
629 3691 674 3752 [ex
690 3687 826 3753 Eudemo]
849 3677 949 3758 ώσπερ
972 3678 1024 3743 ούν
1042 3683 1122 3757 παρὰ
1141 3698 1203 3754 τοῖς
1221 3692 1347 3756 Φοίνιξιν
1369 3686 1413 3746 διόι
1431 3689 1484 3755 τάς
1501 3689 1663 3761 ἐμπορείας

405 3777 454 3831 καί
471 3769 507 3831 τά
525 3767 746 3842 συναλλάγματα
765 3767 817 3843 τήν
827 3765 920 3844 άρχήν
936 3767 1039 3842 ἐλαβεν
1055 3766 1071 3842 ή
1090 3776 1149 3829 τῶν
1166 3767 1300 3845 άριθμῶν
1314 3768 1435 3847 ώκριβής
1451 3777 1565 3846 γνῶσις,
1583 3764 1663 3831 ούτω

407 3855 438 3931 δή
455 3862 505 3915 καί
522 3851 595 3929 παρ’
608 3853 776 3928 Αἰγυπτίοις
792 3851 985 3929 ήγεωμετρία
1003 3855 1048 3913 διὰ
1066 3853 1120 3929 τήν
1137 3858 1287 3931 εἰρημένην
1304 3859 1401 3916 αἰτίαν
1412 3849 1536 3931 εύρηται.
1567 3863 1663 3929 Θαλῆς

407 3942 437 4001 δέ
454 3945 573 4014 πρῶτον
590 3941 630 4008 εἰς
642 3938 789 4013 Αἴγυπτον
805 3939 903 3999 ἐλθών
913 3939 1075 4012 μετήγαγεν
1092 3942 1133 4008 είς
1149 3941 1204 4015 τήν
1210 3935 1330 4001 Ἐλλάδα
1347 3940 1400 4015 τήν
1411 3946 1540 4015 θεωρίαν
1557 3939 1663 4013 ταύτην

407 4029 456 4085 καί
473 4026 566 4084 πολλοὶ
583 4026 638 4096 μέν
655 4019 743 4093 αύτός
759 4018 851 4099 εὗρεν,
869 4029 985 4083 πολλῶν
1003 4025 1033 4083 δέ
1049 4022 1102 4093 τὰς
1119 4020 1213 4099 άρχύις
1229 4037 1291 4094 τοῖς
1305 4022 1373 4097 μετ’
1391 4021 1483 4086 αύτόν
1494 4021 1661 4102 ύφηγήσατο

407 4121 470 4179 τοῖς
485 4111 538 4182 μέν
555 4103 793 4184 καθολικώτερον
808 4109 982 4185 ἐπιβάλλων,
999 4120 1062 4177 τοῖς
1079 4111 1109 4170 δέ
1126 4108 1381 4185 αίσθητικώτερον.

560 4299 738 4355 nomm.

513 4405 553 4456 12.
569 4401 705 4458 Απιεται.
722 4398 876 4471 Metaphys.
893 4398 924 4453 A
942 4403 968 4454 3.
983 4399 1083 4455 989116
1100 4395 1136 4458 τό
1153 4400 1253 4470 μέντοι
1271 4404 1382 4473 πλῆθος
1397 4404 1448 4458 καί
1464 4395 1500 4458 τὸ
1518 4395 1595 4466 είδος
1612 4404 1664 4472 τῆς

409 4482 541 4558 τοιαύτης
557 4480 648 4559 α’ρχής
669 4481 705 4544 ού
722 4481 757 4543 τὸ
777 4479 848 4543 αύτό
867 4480 974 4550 πάντες
991 4485 1131 4557 λέγουσιν,
1154 4477 1226 4544 άλλα
1247 4490 1340 4559 θαλης
1356 4484 1409 4557 μ’ἐν
1428 4481 1444 4543 ό
1462 4489 1513 4558 τῆς
1530 4481 1664 4557 τοιαύτης

410 4565 536 4643 ἀρχηγὸς
553 4573 726 4643 φιλοσοφίας
742 4561 818 4641 ύδωρ
832 4565 907 4628 εἶναί
918 4588 1003 4643 φησιν
1020 4573 1080 4637 (διο
1097 4573 1146 4627 καί
1163 4564 1215 4643 τήν
1231 4574 1284 4643 γῆν
1300 4562 1350 4643 ἐφ’
1366 4561 1471 4637 ύδατος
1482 4562 1663 4641 άπεφαίνετο

410 4651 510 4724 εἶναι),
536 4655 635 4729 λαβών
661 4652 730 4722 ἴσως
755 4652 808 4727 τήν
824 4649 968 4728 ύπόληψιν
988 4655 1094 4728 ταύτην
1116 4652 1150 4712 ἐκ
1172 4659 1225 4713 τού
1247 4652 1365 4714 πάντων
1388 4649 1463 4729 όρᾶν
1481 4654 1531 4728 τὴν
1551 4650 1665 4729 τροφήν
