4117 5617
484 545 524 601 A.
535 546 636 602 TEST.
648 546 782 604 Doqm.
793 553 904 604 45-54.
929 549 962 603 Β.
974 546 1115 605 FRAGM.
1130 553 1152 604 1.
1179 550 1256 604 ΠΕΡΙ
1269 549 1408 604 ΦΥΣΕΩΣ.
1529 552 1569 611 57

314 737 350 774 τα
369 709 399 772 δ’
415 712 449 772 έκ
466 720 527 773 τῶν
538 709 701 790 άριστερῶν
718 716 758 783 εἰς
776 716 811 775 τά
830 707 977 789 άριστερά.
1008 718 1036 775 εἰ
1052 712 1079 774 δ’
1091 716 1260 791 ἐναλλαγείη
1278 715 1312 778 τά
1333 725 1381 790 τῆς
1398 727 1572 794 καταβολῆς,

314 803 447 873 γίνεσθαι
465 796 566 872 θήλεα.
602 802 637 858 of.
649 802 749 857 Amsr.
762 802 798 857 ds
809 818 872 872 gen.
885 803 957 858 anim
971 806 995 859 A
1008 808 1031 857 1.
1050 804 1120 858 '163¹’
1133 809 1166 858 36
1184 808 1256 874 φασδ
1272 800 1330 877 γάρ
1348 804 1376 862 oi
1392 806 1446 875 μέν
1463 805 1495 863 έν
1512 816 1574 872 τοῖς

314 885 477 959 σπέρμασιν
495 881 568 944 εἶναι
583 883 688 957 ταύτην
700 883 752 958 τὴν
763 882 932 944 έναντίωσιν
944 880 1038 953 eri-iric,
1057 882 1121 944 οἷον
1132 882 1325 961 Ἀναξαγόρας
1341 894 1390 945 καὶ
1402 888 1497 959 έτεροι
1514 895 1574 948 τῶν

315 962 516 1042 φυσιολόγων·
535 973 673 1043 γίνεσθαί
690 990 721 1029 τε
740 969 798 1043 γάρ
816 969 849 1028 ἐκ
867 975 920 1028 τοῦ
933 967 1058 1041 άρρενσς
1076 968 1110 1029 τό
1124 972 1238 1046 σπέρμα
1256 970 1292 1030 τό
1311 974 1341 1031 δὲ
1352 978 1426 1045 δῆλα
1437 975 1575 1047 παρέχειν

317 1051 370 1113 τὸν
388 1052 485 1112 τόπον
501 1059 551 1112 καὶ
569 1051 642 1114 εἶναι
661 1051 695 1112 τό
713 1056 767 1125 μέν
785 1054 874 1127 ἄρρεν
892 1053 925 1112 ἐκ
944 1059 1004 1112 τῶν
1021 1060 1121 1124 δεξιῶν
1146 1053 1181 1115 τὸ
1200 1057 1230 1114 δὲ
1247 1062 1320 1129 θῆλυ
1336 1055 1369 1115 έκ
1387 1062 1446 1115 τῶν
1462 1061 1574 1133 άριστε-

317 1145 385 1214 ρῶν,
401 1145 451 1198 καὶ
469 1145 519 1212 τῆς
536 1136 659 1212 ὑστέρας
677 1136 712 1198 τὰ
731 1141 786 1209 μέν
797 1137 908 1215 άρρενα
926 1137 958 1196 έν
976 1149 1038 1206 τοῖς
1049 1144 1150 1208 δεξιοῖς
1167 1137 1240 1199 εἶναι
1258 1140 1294 1201 τά
1313 1144 1343 1200 δὲ
1354 1142 1444 1214 θήλεα
1462 1141 1495 1201 έν
1513 1154 1575 1211 τοῖς

315 1218 491 1300 άριστεροῖς.
529 1226 683 1281 Cassam.
697 1231 722 1293 5,
734 1230 749 1279 2
767 1225 854 1296 ipitnr
870 1241 961 1279 semen
977 1225 1051 1280 ande
1063 1229 1143 1280 emeat
1157 1226 1229 1282 inter
1245 1227 1398 1297 sapientiae
1406 1229 1575 1298 professores

315 1328 373 1367 non
383 1315 496 1367 mastat.
522 1311 701 1366 Pamnenides
712 1310 784 1365 enim
803 1314 861 1365 tnm
872 1326 906 1364 ea
918 1309 1022 1364 dextris
1040 1313 1098 1364 tmn
1116 1327 1129 1365 e
1146 1311 1229 1366 laevis
1238 1313 1366 1381 partibas
1378 1313 1447 1368 oriri
1454 1315 1574 1385 pntam't.

420 1435 461 1485 54.
479 1430 554 1485 Am.
572 1430 599 1485 V
613 1433 679 1496 11,2
700 1429 746 1497 [D.
759 1433 818 1494 422]
844 1432 878 1485 Π.
897 1421 970 1484 ὅταν
992 1427 1047 1496 μὲν
1065 1423 1125 1486 άπὸ
1152 1434 1205 1488 τοῦ
1223 1435 1316 1498 δεξιοῦ
1333 1432 1438 1504 μέρους
1457 1437 1506 1504 τῆς
1522 1435 1574 1505 μή·

317 1536 388 1590 ερας
413 1511 537 1587 ὃγόνος
558 1508 725 1590 άποκριθῆι,
749 1523 811 1580 τοῖς
836 1508 989 1582 πατράσιν,
1013 1506 1085 1569 όταν
1108 1513 1137 1571 δέ
1161 1507 1221 1573 άπὸ
1246 1519 1299 1573 τοῦ
1321 1510 1485 1588 άριστεροῠ,
1512 1529 1575 1585 ταῖς

316 1597 458 1674 μητράσιν
475 1605 521 1665 [sa
535 1594 623 1670 ὅμοια
642 1599 677 1659 τά
691 1600 776 1656 τέκνα
789 1600 933 1667 γίνεσθαι]
953 1597 1108 1653 Cmssorm.
1120 1603 1145 1665 6,
1158 1603 1173 1654 8
1191 1604 1307 1656 ceteram
1323 1602 1500 1658 Parmenidis
1515 1620 1575 1658 sen·

317 1687 404 1742 anda
421 1690 462 1742 est
477 1702 538 1740 anm
556 1686 680 1741 dsaterae
695 1687 789 1754 partes
805 1682 912 1737 semina
930 1682 1060 1751 dederint,
1081 1687 1144 1739 tnnc
1160 1684 1233 1753 filios
1250 1703 1306 1742 esse
1321 1689 1398 1757 patm'
1415 1689 1572 1758 consimiles,

317 1791 379 1828 anm
391 1773 491 1841 laevae,
509 1775 573 1827 tnnc
583 1770 676 1826 matri.
706 1775 730 1837 6,
743 1775 758 1823 5
777 1771 809 1823 at
823 1769 896 1822 inter
911 1783 940 1821 se
957 1771 1059 1823 certare
1068 1769 1190 1838 sarsinas
1207 1774 1234 1826 et
1244 1772 1331 1827 maris
1349 1776 1376 1827 et
1388 1790 1470 1842 penes
1481 1777 1576 1829 atram

317 1857 432 1913 viatoria
448 1857 491 1924 sit,
516 1855 574 1910 eins
591 1854 717 1909 habitam
739 1853 839 1923 referri
861 1856 956 1907 amtor
979 1856 1020 1908 est
1035 1853 1224 1910 Parmenides.
1260 1857 1377 1912 conteni
1394 1865 1489 1927 potest
1504 1860 1575 1914 Lsc-

317 1959 401 1997 rsrr.
419 1942 454 1997 de
473 1940 586 2012 opificio
606 1943 691 2005 12,12
709 1939 763 2008 (66
781 1939 899 1994 citantur
916 1937 1003 1993 Varro
1022 1945 1052 1994 at
1068 1939 1245 1999 Aristoteles)
1263 1941 1389 2010 dispares
1406 1959 1509 2011 qnoque
1525 1961 1575 1998 na-

318 2032 397 2082 tnrae
413 2026 462 2081 hoo
477 2026 557 2081 modo
574 2024 636 2092 fieri
650 2026 801 2094 pntantnr:
827 2039 887 2077 anm
908 2022 981 2091 sorte
1002 2023 1034 2077 in
1057 2023 1162 2080 mevam
1183 2025 1255 2079 ntem
1276 2030 1386 2094 partem
1409 2028 1576 2084 masculinae

317 2110 414 2180 stirpis
426 2127 516 2165 sennen
527 2109 659 2177 imiderit
679 2125 783 2162 marem
795 2107 903 2177 qnidam
913 2108 990 2178 pipni
1002 2108 1125 2177 opinatio
1138 2115 1182 2178 est,
1201 2110 1249 2165 sed
1261 2110 1326 2180 qnia
1343 2111 1383 2165 sit
1396 2111 1429 2165 in
1438 2111 1576 2181 feminina

314 2199 396 2268 parte
413 2199 561 2266 amsans,
579 2195 686 2264 aliquid
702 2195 734 2248 in
750 2210 779 2248 se
795 2192 892 2247 trabere
903 2192 1052 2261 femineam
1063 2211 1149 2264 snpra
1162 2212 1245 2265 qnam
1263 2196 1342 2250 deam
1353 2195 1432 2251 ririle
1442 2197 1574 2266 patiatnr,

317 2282 359 2336 oel
376 2281 498 2350 formam
514 2280 650 2351 insipnem
666 2280 708 2334 ael
718 2278 836 2333 nimiam
852 2278 997 2333 eandorem
1014 2279 1056 2333 oei
1073 2281 1193 2349 eorporis
1206 2280 1341 2336 mitatem
1357 2281 1400 2335 osi
1415 2285 1494 2336 artrrs
1511 2281 1576 2336 deli·

318 2370 399 2434 eatos,
423 2366 465 2421 oei
487 2369 625 2421 statnram
648 2365 753 2419 brevem
774 2363 816 2417 vel
833 2379 922 2417 vocem
941 2363 1072 2432 praoilem
1089 2365 1131 2419 oei
1154 2365 1280 2421 animam
1303 2366 1459 2421 inbecilimn
1480 2367 1522 2421 oei
1544 2384 1578 2421 eor

319 2452 363 2507 iis
371 2452 464 2522 plara.
491 2451 556 2506 item
567 2451 593 2505 si
599 2454 711 2520 partem
722 2449 754 2503 in
766 2449 905 2503 dexteram
916 2463 1007 2502 semen
1018 2448 1149 2517 feminini
1159 2451 1265 2521 poneris
1275 2451 1424 2520 intinxerit,
1442 2451 1577 2520 feminam

320 2537 429 2606 quidem
445 2536 590 2605 procreari,
614 2535 663 2590 sed
685 2534 815 2605 qnoniam
838 2533 869 2587 in
892 2532 1046 2587 masculina
1063 2538 1146 2602 parte
1168 2539 1294 2605 concepta
1315 2536 1358 2603 sit,
1382 2535 1479 2591 habere
1500 2535 1577 2590 inse

320 2620 428 2690 aliquid
444 2621 586 2676 virilitatis
603 2621 678 2675 nitra
696 2636 779 2689 qnam
796 2634 877 2673 asans
892 2618 965 2672 ratio
974 2619 1125 2689 permittat,
1144 2625 1195 2675 ant
1210 2621 1306 2676 valida
1321 2621 1443 2676 membra
1461 2623 1512 2675 ont
1527 2621 1577 2675 im·

320 2707 490 2762 moderatam
508 2705 705 2777 lonpitndinem
722 2707 773 2759 ant
787 2703 897 2772 srsmm
919 2703 1033 2758 colorem
1055 2708 1107 2759 ant
1121 2705 1261 2776 hispidam
1282 2706 1382 2775 faeiem
1406 2709 1457 2760 ant
1471 2706 1578 2760 onitnm

320 2791 477 2847 indecoram
495 2795 643 2846 antoooem
654 2789 795 2845 robustam
807 2790 859 2843 ant
873 2788 997 2842 animam
1014 2788 1147 2845 andaoem
1164 2795 1214 2846 ant
1224 2808 1257 2845 ea
1268 2790 1311 2844 iris
1317 2790 1405 2860 plara
1424 2790 1468 2856 (of.
1480 2790 1513 2844 fr.
1527 2793 1577 2857 18).

424 2944 596 3000 Parmenidis
609 2945 738 3014 reliquias
750 2942 811 2998 soll.
824 2942 862 2996 ill.
874 2942 992 2996 Karsten
1005 2941 1086 3007 (Phil.
1097 2959 1139 3012 pr.
1150 2945 1201 2996 oet.
1213 2942 1260 2996 rei.
1272 2943 1287 2996 Ι
1298 2946 1332 3009 2),
1345 2943 1421 2998 Stein
1436 2943 1579 3013 (Symbola

319 3029 389 3098 pail.
406 3029 527 3085 Ritsoisel
542 3047 569 3099 p.
582 3034 641 3096 766,
660 3045 713 3099 ego
731 3026 911 3083 Parmenides
926 3043 968 3096 pr.
980 3045 1007 3081 a.
1020 3027 1129 3082 διαειολ
1146 3027 1217 3082 Berl.
1232 3029 1306 3081 1897.
1342 3027 1376 3082 si.
1395 3027 1578 3083 Wilamowitz

321 3114 419 3169 Herm.
432 3119 474 3180 34,
486 3119 536 3168 263
556 3121 584 3170 st
600 3115 683 3170 Patin
700 3113 799 3169 Jahrb.
812 3113 834 3181 f.
847 3113 878 3167 ol.
891 3111 965 3166 Phil.
979 3112 1076 3181 Snppi.
1090 3117 1132 3178 25,
1143 3116 1261 3181 491sqq.

837 3288 1067 3296 ————

779 3524 814 3588 B.
836 3522 1120 3587 FRAGMENTA.

611 3711 934 3776 ΠΑΡΜΕΝΙΛΟΥ
953 3712 1063 3774 ΠΕΡΙ
1085 3708 1272 3773 ΦΥΣΕΩΣ.

590 3900 602 3950 1
622 3900 724 3961 [1-32.
742 3899 843 3949 ,εν-ετ
862 3895 963 3960 Καει,
982 3898 1074 3948 1-32.
1092 3898 1193 3947 ειν-ετ
1213 3893 1307 3958 saia]

396 3984 487 4035 1-36.
506 3984 606 4035 33-38
625 3981 709 4036 err.
723 3980 775 4035 VII
789 3984 835 4034 111
845 3995 904 4048 sqq.
923 3974 939 4035 ό
954 3980 983 4036 δὲ
995 3979 1142 4051 γνώριμος
1154 3971 1243 4035 αὐτοῦ
1262 3975 1461 4046 [Xenophanis]
1476 3979 1510 4032 11.
1530 3979 1582 4032 τοῦ

323 4066 378 4136 μὲν
389 4069 531 4133 δοξαστοῦ
547 4061 637 4137 λόγου
653 4065 792 4136 κατέγνω,
811 4069 882 4138 φημὶ
900 4065 928 4123 δέ
947 4069 999 4122 τοῦ
1010 4056 1146 4129 άσδενεῖς
1163 4058 1282 4135 έχοντος
1299 4055 1464 4133 ὑπολήψεις,
1482 4055 1537 4118 τὸν
1554 4054 1580 4117 δ’

324 4145 558 4223 ἐπιστημονικόν,
575 4150 706 4207 τουτέστι
724 4149 777 4206 τόν
794 4144 988 4216 άδιάπτιοιον,
1004 4145 1130 4206 ὑπέθετο
1142 4143 1299 4222 κριτήριον,
1317 4140 1449 4211 άποστάς
1466 4149 1515 4201 καὶ
1532 4148 1582 4216 τῆς

326 4237 388 4294 τῶν
404 4234 569 4308 αἰσθήσεων
581 4237 718 4301 πίστεως
737 4231 934 4307 ἐναρχόμενος
951 4242 1022 4308 γοῦν
1041 4237 1093 4291 τοῦ
1104 4236 1176 4301 Περὶ
1193 4234 1305 4302 φύσεως
1322 4227 1427 4303 γράφει
1445 4225 1499 4286 τόν
1516 4226 1582 4301 τρό-

326 4341 384 4378 πον
401 4325 519 4378 τοῦτον·
532 4315 651 4377 ι(ι’πποι
667 4351 698 4359 -
713 4317 897 4378 λείπεταί.
933 4324 1058 4391 sequitur
1073 4317 1246 4388 paraphrasis
1263 4318 1440 4384 §112-114:
1463 4310 1496 4369 έν
1518 4312 1582 4370 τού·

325 4426 389 4473 τοις
405 4402 462 4479 γὰρ
481 4401 497 4462 ὃ
512 4407 689 4479 Παρμενίδης
698 4401 832 4472 innova
848 4407 902 4475 μέν
914 4425 999 4478 φησιν
1012 4399 1103 4462 αὐτόν
1115 4403 1213 4475 φέρειν
1231 4397 1282 4466 τὰς
1294 4394 1418 4472 άλόγσνς
1430 4402 1479 4469 τῆς
1491 4402 1583 4470 ψυχῆς

327 4485 421 4563 όρμάς
448 4511 479 4548 τε
505 4494 554 4549 καὶ
580 4485 687 4564 ὀρέξεις
705 4495 750 4555 (1),
775 4487 850 4547 κατὰ
868 4491 898 4548 δὲ
925 4487 976 4561 τὴν
993 4490 1212 4561 πολύφημον
1239 4479 1324 4542 όδόν
1341 4489 1394 4542 τοῦ
1412 4486 1583 4552 δαίμονος

326 4570 505 4645 πορεύεσθαι
514 4574 565 4648 τῆν
573 4573 646 4634 κατά
657 4573 710 4632 τόν
719 4570 1118 4647 φιλόσοφονλόγονθεωρίαν,
1129 4565 1438 4642 όςλόγοςπροπόμποο
1447 4571 1583 4638 δαίμονος

327 4655 442 4732 τρόπον
460 4658 506 4717 ἐπὶ
524 4656 575 4732 τὴν
592 4657 731 4720 ἁπάντων
749 4655 847 4731 ὁδηγεῖ
857 4663 963 4731 γνῶσιν
979 4665 1014 4725 (2.
1027 4663 1064 4726 3),
1080 4656 1214 4732 κούρας
1232 4649 1259 4713 δ’
1272 4650 1361 4713 αι’-τοῦ
1372 4651 1514 4726 προάγειν
1531 4649 1583 4719 τὰς
