4117 5617
402 531 466 590 170
836 531 860 580 6.
879 524 1084 581 SCYTHINUS
1101 525 1210 581 TEIUS

399 698 455 754 oliti
472 698 674 770 physiologiam
692 702 721 751 ot
737 695 934 768 etymologiam
951 694 1076 749 illustras
1111 695 1189 750 volut
1205 696 1298 764 priora
1314 696 1422 753 oluoent
1440 715 1475 756 ex
1493 699 1664 771 fragmentis

399 789 431 838 51
445 777 479 841 οό
491 788 600 850 ξυνιᾶσι
612 776 688 848 ὅκως
699 776 912 852 διαφερόμενον
924 774 1034 836 {morah
1046 774 1196 852 ὁμολογεῖ·
1212 782 1412 852 παλίντροπος
1423 778 1551 858 ἁρμονίη
1564 777 1661 843 όκωσ-

400 887 455 937 περ
473 863 561 934 τόξου
578 870 627 923 καί
645 861 728 938 λύρης
746 870 775 920 et
793 869 841 919 103
863 863 948 931 ξυνόν
966 861 1040 935 ἀρχί
1057 867 1106 921 καί
1124 864 1215 936 πέρας
1232 863 1278 921 ἐπὶ
1295 863 1402 924 κύκλου
1420 871 1614 942 περιφερείας

1017 1022 1031 1071 2

501 1105 581 1160 sios.
593 1104 651 1158 Eol.
662 1104 677 1158 I
689 1107 713 1169 8,
725 1108 758 1157 43
777 1100 809 1158 ἐκ
826 1108 879 1161 τοῦ
897 1104 1045 1159 Σιπνθίνου
1062 1105 1134 1173 Περὶ
1151 1098 1272 1174 φύσεως.
1305 1101 1415 1176 χρόνος
1433 1103 1512 1164 ἐστὶν
1529 1102 1660 1168 ὕστατον

397 1194 447 1247 καί
464 1194 583 1260 πρῶτον
600 1182 717 1245 πάντων
734 1189 783 1243 καί
801 1183 859 1259 ἔχει
876 1184 907 1243 ἐν
919 1185 1023 1244 ἑαοτῶι
1041 1183 1136 1244 πάντα
1154 1190 1204 1243 καί
1216 1182 1293 1244 ἔστιν
1309 1183 1350 1255 είς
1368 1183 1413 1247 οἷοί
1430 1195 1479 1248 καί
1498 1188 1553 1250 οὐκ
1572 1191 1660 1262 ἔστιν,

400 1268 651 1344 όπαροιχόμενος
672 1270 705 1329 ἐκ
727 1275 780 1328 τοῦ
800 1270 903 1337 ἐόντος
925 1266 1014 1329 αότῶι
1036 1269 1168 1344 ἐναντίην
1192 1266 1261 1329 όόόν
1283 1281 1501 1344 παρεωνιατῶν.
1538 1275 1576 1336 τό
1602 1279 1659 1352 γόρ

398 1356 500 1430 αὔριον
517 1352 534 1429 ᾗ
550 1358 604 1427 μὲν
620 1361 673 1415 τῶι
690 1353 777 1428 ἐργωι
792 1356 864 1428 χθὲς
887 1354 972 1426 ἔστιν,
991 1354 1026 1414 τό
1045 1357 1076 1414 δέ
1095 1357 1166 1429 χθὲς
1192 1353 1303 1427 αὔριον.
1339 1359 1476 1416 Stobaous
1493 1370 1527 1418 ut
1543 1363 1659 1420 Placitis

398 1449 505 1512 aptaret
515 1459 612 1498 versus
624 1441 717 1507 solvit,
735 1457 806 1511 quos
817 1442 924 1497 reiectis
935 1441 1057 1511 priorum
1068 1441 1196 1511 periculis
1208 1443 1253 1497 vel
1266 1442 1439 1500 hexametros
1452 1447 1499 1501 vel
1511 1457 1658 1506 scazontes

397 1530 442 1584 vel
465 1527 572 1583 iambos
598 1525 823 1596 adgnosoontium
846 1527 990 1583 trochaeos
1016 1542 1077 1583 esse
1101 1527 1242 1597 perspexit
1263 1528 1449 1584 Wilamowitz
1473 1530 1657 1590 Οοπίτοίονιοο

398 1613 474 1669 Gott.
489 1616 555 1668 1884
572 1629 599 1682 p.
614 1614 653 1665 18.
688 1608 801 1665 Stobaoi
819 1611 905 1667 verba
922 1617 988 1680 post
1004 1607 1107 1676 ἐόντος
1124 1617 1252 1681 corrupta
1274 1620 1383 1669 secutus
1401 1615 1657 1687 Wilamowitzium

398 1698 445 1766 qui
465 1713 578 1771 ,sonsum
595 1694 778 1750 Heracliteum
798 1696 913 1765 aperiris,
934 1696 975 1752 sio
991 1697 1138 1767 corrigam:
1163 1690 1251 1764 αότός
1268 1718 1300 1755 τε
1325 1696 1413 1772 (τὴν)
1431 1697 1567 1775 ἐναντίην
1586 1699 1658 1761 ὁδόν

397 1778 515 1856 παρεόν
537 1779 631 1838 ὲατιῦι.
667 1774 732 1850 ἡμίν
754 1779 863 1835 viderat
885 1781 1001 1836 Heeren.
1024 1781 1149 1852 Scythini
1170 1788 1263 1838 autom
1284 1799 1381 1839 versus
1402 1785 1552 1856 plerosque
1580 1797 1656 1846 oorto

396 1866 567 1935 recuperavit
583 1866 779 1922 Wilamowiiz:

1163 1942 1302 2003 πάντων
1322 1945 1443 2025 χρόνος

548 2044 693 2103 ὕστατον
714 2043 772 2102 καί
794 2044 931 2124 πρῶτον
954 2040 1038 2117 ἐστι,
1061 2043 1122 2103 κάν
1145 2047 1270 2106 ἑαυτῶι
1291 2034 1396 2106 πάντ’
1422 2048 1492 2125 ἔχει

548 2146 667 2207 κᾶστιν
690 2145 739 2218 εἷς
760 2146 838 2205 κούκ
860 2145 962 2206 ἐστιν.
1008 2146 1078 2206 αἰεί
1101 2136 1134 2206 δ’
1160 2142 1197 2222 ἐξ
1217 2148 1334 2222 ἐόντος
1356 2147 1487 2227 οἴχεται

548 2249 605 2309 καὶ
628 2250 793 2332 πάρεστιν
817 2245 912 2321 αὖτις
935 2248 1037 2321 αὐτὸς
1060 2249 1119 2333 τὴν
1142 2251 1296 2334 ἐναντίην
1319 2247 1408 2313 ὁδόν.

512 2357 527 2406 5
549 2350 666 2434 αὔριον
688 2349 750 2431 γὰρ
773 2350 853 2433 ημὶν
875 2351 978 2432 ἐργωι
997 2351 1092 2428 χθές,
1115 2353 1153 2412 τό
1178 2348 1214 2414 δὲ
1235 2353 1320 2430 χθὲς
1343 2355 1470 2437 αὔριον.

498 2484 555 2533 v.4
573 2477 746 2549 praetulerim
765 2471 853 2544 αὐτός
870 2473 958 2536 αότῶι
