4117 5617
407 526 469 585 154
886 529 912 579 5.
928 523 1172 581 EHPEDOOLES

406 696 532 760 Codrum]
578 700 593 750 2
611 694 715 750 Pnocn.
733 693 763 748 in
780 711 801 750 r.
812 712 840 766 p.
851 694 881 749 11
892 699 950 762 333,
963 699 978 749 6
991 693 1079 750 Kroll.
1096 697 1146 750 καὶ
1162 689 1257 752 ἔοικεν
1273 700 1324 768 τῆς
1341 697 1381 763 εἰς
1398 693 1472 769 φυτά
1484 694 1565 768 μόνα
1587 698 1663 757 πτώ-

406 802 480 848 σεως
497 775 586 846 αὐτάς
607 779 730 852 ἐξαιρεῖν
751 782 800 836 καὶ
821 775 919 849 ταύτην
946 782 1000 835 τοῦ
1022 771 1243 847 Ἐμπεδοκλέους
1268 780 1421 853 διαφέρειν,
1450 772 1484 849 ός
1506 802 1594 856 φησιν
1615 789 1663 841 καὶ

404 861 544 937 θάμνος
564 864 699 938 γενέσθαι
719 864 792 921 ποτὲ
814 859 957 932 καθάπερ
974 861 1104 931 οἰωνός
1126 868 1184 921 καὶ
1205 858 1244 933 ε’ξ
1263 860 1349 933 ἁλός
1366 861 1530 940 ἔμπορος
1547 867 1662 940 ἰχθύς.

403 952 549 1008 nrum.
567 951 602 1007 de
619 950 711 1005 anima
728 949 795 1004 32Ε
816 948 865 1017 qut
890 949 1020 1003 sedeam
1043 949 1179 1005 delirarat
1261 950 1391 1007 thamnus
1412 956 1440 1008 et
1453 952 1539 1024 pieria
1555 954 1604 1024 fui
1621 955 1662 1009 εἰν

404 1037 472 1106 quit.
506 1037 603 1091 Hm.
620 1036 716 1090 irrisl
734 1034 888 1101 rnorem,
903 1037 944 1098 12]
963 1029 1004 1089 ἔτι
1022 1034 1053 1091 δὲ
1071 1028 1135 1092 όἘ.
1153 1039 1202 1092 καὶ
1214 1031 1330 1105 θάμνον
1340 1057 1377 1105 με
1390 1047 1469 1095 ποιεῖ
1519 1038 1663 1095 imitantur

407 1121 540 1178 03111161
556 1119 647 1176 Procl.
658 1121 689 1174 in
699 1119 914 1183 RP.11339,4
932 1117 982 1171 Kr.

556 1224 620 1312 ἤδη
642 1229 705 1310 γάρ
729 1218 809 1287 ποτ’
835 1226 898 1306 ἐγὼ
921 1228 1064 1309 γενόμην
1086 1229 1206 1310 κοῦρός
1228 1247 1265 1289 τε
1287 1231 1369 1314 κόρη
1394 1249 1430 1291 τε

556 1331 691 1407 θάμνος
713 1319 745 1388 τ’
771 1329 895 1401 οἰωνός
909 1347 951 1410 Ιτε
973 1327 1030 1388 καὶ
1053 1324 1173 1404 ἔξαλος
1194 1326 1341 1406 ἔλλοπος
1365 1331 1476 1410 ἰχθύς.

507 1465 521 1514 1
539 1456 602 1531 ἦτοι
613 1459 667 1529 μὲν
678 1454 735 1530 γάρ
746 1454 803 1530 ἐμοὶ
815 1457 899 1528 Hipp.
950 1453 1059 1525 κοῦρός
1070 1477 1102 1514 τε
1112 1453 1187 1530 κόρη
1199 1478 1231 1515 τε
1244 1459 1327 1516 Olem.
1339 1461 1428 1517 Laert.
1441 1462 1525 1534 Hipp.
1539 1463 1660 1534 olymp:

403 1541 511 1617 κοῦρός
527 1565 559 1602 τε
576 1540 666 1618 κούρη
683 1563 715 1600 τε
731 1543 852 1612 Philopz
874 1539 964 1614 κούρη
987 1535 1080 1613 (κόρη)
1100 1563 1132 1600 τε
1153 1538 1245 1614 κόρος
1264 1564 1296 1602 τε
1313 1545 1419 1601 Athen.
1439 1547 1571 1603 Philostr.
1591 1547 1661 1602 The

403 1635 475 1688 mist.
494 1631 588 1704 cyrill
603 1630 694 1696 Eust.;
712 1627 747 1685 ul.
766 1627 845 1683 esur.
862 1627 881 1683 l.
898 1644 981 1699 supra
998 1628 1043 1682 eit
1112 1633 1127 1683 2
1146 1623 1262 1697 θάμνος
1279 1631 1368 1685 omnis
1384 1632 1549 1702 antiquitas:
1569 1623 1661 1701 άμνός

403 1715 607 1784 Schneidewin3
629 1714 680 1770 sed
699 1712 813 1783 pecudis
834 1714 865 1766 in
885 1713 1018 1783 proximis
1039 1711 1158 1767 fortasse
1180 1713 1291 1769 uberior
1313 1714 1368 1770 fuit
1392 1717 1505 1786 mentio,
1527 1722 1661 1787 utquam

403 1802 575 1873 potissimum
598 1804 735 1870 spectaret
785 1793 885 1864 ἔξαλος
906 1796 961 1862 (vel
983 1795 1015 1864 ἐξ
1031 1790 1112 1862 ἁλός)
1135 1796 1234 1853 Athen.
1250 1799 1340 1855 Laert.
1359 1800 1452 1857 Chele.
1468 1801 1554 1873 Hipp.
1571 1802 1661 1858 Proel.

402 1887 509 1956 Philop.
527 1887 562 1942 ei.
580 1880 681 1953 ἔξαλος
696 1900 755 1938 var.
767 1883 784 1937 l.
802 1886 881 1937 1134
898 1884 936 1948 (v.
952 1882 1103 1938 Herodian.
1114 1882 1150 1937 ad
1162 1882 1189 1936 h.
1201 1882 1242 1952 l.);
1260 1883 1398 1955 intellegit
1414 1903 1428 1941 e
1445 1886 1520 1940 mari
1537 1886 1660 1955 wiliare,

403 1972 480 2042 quod
496 1972 619 2026 imitatur
635 1969 706 2039 Opp.
717 1968 779 2023 Hal.
795 1972 820 2035 2,
837 1971 901 2021 593:
924 1962 968 2022 εἰν
990 1960 1038 2023 ἄλλ
1060 1965 1143 2023 Olem.
1162 1966 1254 2039 Cyrill.
1271 1968 1380 2041 Olymp.
1433 1965 1558 2037 ἔλλοπος
1576 1970 1661 2027 Clem.

402 2056 446 2121 (ef.
460 2056 495 2111 fr.
510 2060 548 2123 3);
567 2052 696 2126 ἔμπορος
711 2053 816 2109 Athen.
833 2051 917 2120 Hipp.
932 2051 1028 2106 Them.
1046 2051 1134 2106 Proel.
1151 2052 1259 2123 Philop.
1277 2055 1354 2110 Eust.
1373 2055 1483 2128 Olymp.
1501 2057 1595 2122 (eodd.
1612 2056 1661 2113 BC

402 2141 481 2196 vana
491 2140 532 2206 l.):
550 2133 677 2211 ἔμπυρος
688 2139 790 2195 Laeta:
808 2138 944 2207 φαίδιμος
956 2134 1061 2208 (imilla
1079 2132 1207 2206 ἔμπνοος
1217 2139 1283 2195 Eue.
1297 2138 1390 2195 Cede:
1408 2137 1530 2213 νὴχυτος
1542 2141 1660 2214 Olymp.‚

401 2222 537 2295 άμφορος
553 2224 627 2279 idem
645 2223 725 2279 codd.
736 2222 785 2278 Bc
802 2239 860 2276 var.
872 2222 890 2276 l.

877 2443 1187 2512 mmmmm

506 2529 598 2585 cm.
608 2528 707 2585 Strom.
719 2529 762 2583 ΠΙ
771 2532 803 2582 14
814 2545 840 2598 p.
854 2532 904 2583 516
912 2529 943 2583 Ρ.
959 2532 1043 2600 δῆλος
1054 2529 1084 2587 δὲ
1096 2522 1186 2587 uituli
1197 2531 1364 2598 (Heraclito)
1378 2524 1602 2603 συμφερόμενος
1613 2535 1661 2589 καὶ

400 2609 589 2683 Ἐμπεδοκλῆς
611 2614 702 2686 λέγων
719 2607 870 2671 ‘ulainai
891 2632 923 2669 τε
937 2643 973 2651 -
984 2607 1120 2684 χοῖρον’
1143 2614 1178 2670 ei.
1196 2615 1280 2671 Sunu.
1297 2617 1362 2672 adv.
1378 2615 1463 2672 math,
1480 2616 1523 2671 XI
1541 2621 1575 2672 36
1594 2611 1660 2676 άλλ)

402 2695 526 2758 εἰώθασί
542 2719 618 2765 τινες
633 2703 692 2756 ταῖν
709 2692 770 2756 άπὸ
788 2703 838 2769 τῆς
848 2690 1019 2771 Ἑπικούρου
1030 2696 1169 2772 αἱρέσεως
1187 2701 1210 2766 [l
1222 2701 1414 2767 Hermarchus]
1501 2702 1598 2775 λέγειν
1616 2695 1661 2761 ότι

401 2789 529 2856 φυσικῶς
544 2787 594 2841 καλ
611 2777 768 2850 άδιδάκτιος
785 2778 819 2841 τό
838 2786 927 2852 ζῶιον
944 2779 1043 2855 φεύγει
1059 2783 1112 2850 μὲν
1130 2781 1182 2856 τὴν
1194 2778 1346 2858 άλνηδόνα,
1365 2781 1460 2844 διώκει
1477 2785 1508 2844 δέ
1525 2784 1580 2859 τὴν
1596 2782 1660 2858 ἦδο-

402 2867 466 2941 υήν·
483 2871 623 2943 γεννηθὲν
634 2873 705 2940 γοῦν
721 2872 770 2925 καὶ
781 2867 896 2939 μηδέπω
914 2877 977 2934 τοῖς
992 2865 1068 2925 κατά
1082 2863 1171 2936 δόξαν
1183 2875 1318 2928 δουλεῦον
1337 2861 1396 2941 άμα
1414 2875 1467 2928 tuit
1480 2869 1661 2946 ῥαπισθῆναι

402 2948 421 3012 ά
428 2946 572 3027 συνήθει
585 2948 674 3024 άέρος
684 2951 766 3026 ψύξει
777 2950 923 3011 ἔκλαυσέ
936 2972 973 3010 τε
984 2957 1044 3009 καὶ
1056 2951 1247 3013 ἐκώκυσεν.
1264 2973 1293 3010 v.
1303 2956 1391 3011 Luca.
1404 2956 1430 3012 V
1443 2960 1494 3011 226
1507 2955 1554 3022 (ef.
1568 2957 1660 3014 Ruseh

401 3039 437 3095 de
453 3039 605 3096 Posidonio
620 3039 728 3094 Lucreti
745 3044 815 3094 auct.
828 3037 933 3111 Gryph.
947 3041 1012 3093 1832
1024 3054 1051 3107 p.
1066 3042 1091 3104 1)

552 3145 680 3209 κλαῖσά
703 3166 740 3207 τε
762 3147 972 3208 ratumenna
997 3142 1079 3208 ἰδὼν
1103 3147 1277 3232 teutpert
1298 3155 1418 3234 χῶρον.

812 3377 1246 3446 119[11.12K.‚390.3918t.]

504 3464 595 3519 Ouum.
608 3464 707 3520 Strom.
718 3463 759 3518 IV
772 3467 847 3531 llp
862 3462 997 3518 ueePott.
1015 3463 1190 3520 παιδεύωνδ
1190 3461 1297 3535 ἔολμαι
1313 3470 1362 3523 καὶ
1373 3462 1522 3538 ἐλέγχων
1533 3460 1569 3535 ἐξ
1585 3465 1659 3540 οἵης

400 3578 432 3588 -
423 3543 578 3622 ό.λβου’,
596 3540 636 3615 όός
653 3566 739 3620 φησιν
760 3541 797 3604 ’H
822 3536 878 3604 ὦδε
896 3542 1001 3603 λοιπὸν
1022 3544 1096 3614 μετά
1118 3553 1233 3621 θνητῶν
1255 3543 1467 3622 άναστρέφεται
1514 3551 1607 3609 Punu.
1625 3554 1658 3610 de

400 3634 463 3690 enil
478 3639 554 3705 1'lp.
567 3634 652 3690 6611)
671 3637 745 3703 (post
761 3631 795 3687 fr.
808 3636 866 3698 115,
880 3635 1014 3734 1⁵(qu
1015 3624 1060 3688 ἶ’θ
1078 3623 1178 3706 όσπερ
1195 3656 1229 3692 εν
1251 3630 1339 3707 νήσου
1359 3633 1451 3694 σάλον
1468 3631 1588 3710 ἔχούσηι
1606 3657 1657 3695 πο·

400 3711 459 3788 λύν,
475 3716 612 3791 καθάπερ
629 3712 746 3790 φησὶν
734 3739 751 3774 ο
770 3711 922 3775 Πλάτωνι
933 3711 1058 3785 ὀστρέου
1075 3712 1188 3789 τρόπον
1193 3713 1382 3791 ’ἐνδεδεμένη
1410 3741 1462 3777 τωι
1480 3715 1596 3792 σάματι
1613 3725 1655 3782 διὰ

400 3801 435 3860 τό
453 3825 492 3877 μη
481 3798 666 3902 άναφέρειυ
688 3804 757 3876 μηδὲ
778 3796 967 3873 μνημονεύειν
990 3798 1094 3869 ςἔξλ
1058 3823 1075 3860 ο
1094 3825 1177 3876 ης-
1190 3799 1319 3877 όλβου’
1342 3806 1572 3877 μεθέστηκεν..
1586 3800 1656 3906 3⁰⁶·

400 3892 492 3957 ραυοῦ
513 3893 563 3946 καὶ
585 3884 703 3968 σελήνης
724 3893 776 3960 γῆν
800 3879 982 3960 άμειφαμένη
1003 3883 1102 3954 [scus
1088 3911 1104 3960 η
1122 3884 1207 3962 φυχη]
1229 3896 1278 3946 καλ
1301 3889 1355 3949 τόν
1373 3889 1421 3948 ἐπὶ
1438 3895 1491 3965 γῆς
1507 3894 1587 3965 βίον,
1604 3886 1656 3953 ἐάν

398 3969 504 4046 μικρόν
516 3967 644 4030 ενταῦθα
656 3970 750 4029 τόπον
766 3963 802 4029 ἐκ
813 3965 908 4029 τόπου
919 3967 1105 4047 παραλλάξηι,
1122 3978 1329 4048 δυσανασχετεῖ
1343 3980 1393 4033 καὶ
1406 3982 1568 4044 ξενοπαθεῖ
1584 3979 1655 4045 [inde

399 4055 605 4124 36660140,
619 4063 749 4128 5ρ.131,
763 4062 793 4112 11
812 4057 914 4123 Hense]
960 4059 1079 4114 Humor..
1091 4060 1154 4117 Res.
1166 4062 1265 4132 V'lp.
1279 4066 1327 4116 103
1344 4052 1432 4119 καὶ”
1413 4082 1459 4118 οτι
1478 4053 1576 4131 οὗτος,
1593 4083 1655 4121 του·

399 4135 528 4199 τέστινζ
514 4163 530 4198 ο
549 4147 683 4209 τοιοῦτος
695 4137 797 4215 Ἑρμῆς
810 4138 1029 4216 φυχαγονγύς.
1043 4149 1127 4202 ,τῶν
1145 4140 1354 4216 ἐξυπνισμόνων
1371 4149 1421 4203 καὶ
1433 4139 1653 4220 άνεμνησμένυν

394 4219 445 4292 ζἐξ
461 4222 583 4297 οἵης-
599 4220 765 4300 ὄλβου..
779 4219 1101 4299 κατενεχθεισιῖνιύδε
1118 4231 1160 4297 εἰς
1176 4227 1294 4301 πλάσμα
1312 4228 1346 4289 τό
1366 4228 1495 4304 πήλινον.
1532 4231 1568 4288 ef.
1580 4233 1650 4288 Aer

397 4315 478 4380 p.‚88
490 4317 524 4366 40

554 4401 591 4481 ἔξ
614 4406 688 4489 οἴης
711 4413 810 4489 τιμῆς
832 4425 869 4466 τε
891 4406 948 4467 καλ
972 4407 1076 4466 ὅσσου
1099 4407 1222 4490 μήκεος
1246 4406 1421 4489 ὄλβου...

501 4536 533 4574 τε
550 4534 604 4574 om.
616 4519 700 4587 Hipp.
748 4508 839 4574 όσσου
852 4517 969 4574 Gesner:
985 4509 1061 4576 ’ύσου
1077 4519 1149 4574 Plut.
1163 4519 1256 4576 stou:
1275 4517 1339 4578 οἵου
1354 4521 1452 4577 clem:
1466 4538 1521 4578 om.
1535 4523 1620 4594 Hipp.

399 4607 490 4656 cetera
507 4617 542 4657 ex
558 4603 679 4672 pedestri
700 4602 860 4674 paraphrasi
878 4603 1027 4660 Clementis
1049 4605 1089 4659 sie
1110 4603 1246 4659 instaurat
1262 4605 1394 4660 Karsten:
1418 4597 1474 4664 ὦδε
1491 4605 1593 4665 πεσών
1609 4606 1650 4673 (ef.

399 4685 544 4741 PlotinIV
556 4691 619 4755 8,1)
636 4685 710 4745 κατά
728 4697 815 4759 γαῖαν
833 4682 1052 4759 α’ναστρέφομαι
1069 4687 1144 4747 κατά
1166 4695 1277 4762 θνηταῖν
1295 4689 1377 4760 [μετά
1395 4696 1515 4763 θνητοῖς
1533 4693 1620 4758 Steiu]
