4117 5617
472 538 511 592 VI
988 538 1210 594 PRAEFATIO

471 713 611 777 condenti
632 711 705 773 mihi
726 709 887 772 iucundum
908 711 965 772 fuit
985 731 1020 773 ac
1041 731 1137 792 paene
1157 713 1364 775 necessarium.
1408 714 1596 795 splendidam
1611 717 1728 798 quidem

472 816 582 898 ingenii
603 814 780 893 felicitatem,
803 833 863 893 qua
883 812 934 874 ille
955 814 986 872 in
1008 813 1133 876 Cornicis
1155 813 1346 877 emendandis
1369 836 1456 897 saepe
1477 839 1551 880 usus
1573 828 1625 893 est,
1641 841 1728 883 nemo

474 939 567 981 sanus
607 915 749 978 imitando
787 936 819 977 se
857 915 973 996 assequi
997 936 1086 993 possa
1119 916 1295 998 opinabitur.
1339 927 1370 979 at
1400 920 1523 983 rationis
1545 922 1728 986 severitatem

472 1041 562 1102 quam
590 1019 628 1082 ad
659 1027 747 1080 testes
776 1017 960 1097 colligendos
986 1017 1168 1080 ordinandos
1194 1020 1410 1083 examinandos
1432 1022 1567 1085 adhibuit
1588 1034 1618 1086 et
1639 1047 1729 1107 quam

472 1125 534 1204 ipse
555 1122 679 1203 primam
700 1119 767 1182 libri
788 1119 837 1182 sui
856 1120 994 1182 virtutem
1016 1121 1118 1183 merito
1139 1121 1326 1203 praedicavit,
1340 1123 1419 1186 hanc
1433 1146 1503 1187 vero
1518 1146 1573 1207 par
1587 1136 1632 1188 est
1647 1131 1730 1209 sequi

472 1246 538 1287 eum
565 1225 617 1305 qui
638 1231 731 1304 optet,
754 1231 789 1284 ut
810 1243 885 1300 opus
907 1222 1093 1285 faustissimis
1115 1225 1251 1306 auspiciis
1274 1226 1483 1306 inauguratum
1505 1249 1568 1289 non
1590 1229 1730 1294 deteriore

472 1327 532 1389 tela
563 1327 754 1389 continuetur
780 1346 815 1386 ac
843 1335 1020 1408 pertexatur.
1064 1327 1096 1386 in
1123 1326 1180 1388 hoc
1202 1327 1290 1407 igitur
1310 1328 1428 1392 editoris
1450 1331 1586 1411 primario
1608 1354 1730 1396 munere

471 1429 510 1492 ad
536 1430 620 1491 amici
647 1429 799 1508 exemplar
826 1450 872 1490 me
900 1427 1026 1491 libenter
1054 1430 1243 1493 accomodari
1265 1431 1362 1508 (volui
1384 1435 1477 1511 certe)
1500 1455 1555 1496 nec
1577 1437 1675 1499 minus
1697 1439 1728 1498 in

472 1533 591 1594 minutis
612 1532 676 1594 istis
697 1531 794 1608 rebus,
815 1531 867 1594 ubi
888 1532 1033 1613 principia
1054 1533 1116 1595 sive
1142 1532 1298 1613 probanda
1320 1544 1391 1596 sunt
1412 1536 1474 1598 sive
1494 1557 1558 1600 non
1573 1538 1730 1619 probanda

471 1655 535 1696 non
557 1634 678 1709 deseret
700 1634 757 1697 nisi
779 1635 830 1716 qui
851 1655 937 1697 suam
959 1633 1014 1696 sibi
1035 1633 1190 1714 gloriolam
1213 1637 1354 1715 aucupari
1376 1637 1467 1702 malit.

558 1738 617 1800 fuit
643 1748 759 1813 tamen,
787 1738 839 1800 ubi
867 1758 886 1799 a
913 1746 1045 1818 spectato
1073 1736 1209 1816 exemplo
1236 1739 1304 1821 ipsa
1332 1741 1404 1805 novi
1432 1743 1527 1823 operis
1550 1745 1729 1825 proprietate

471 1864 622 1908 revocarer
648 1842 768 1904 invitus.
811 1839 895 1905 velut
919 1860 1073 1920 coeperam
1093 1840 1156 1902 eius
1177 1862 1257 1903 more
1278 1841 1444 1923 fragmenta
1466 1845 1609 1908 instruere
1630 1849 1728 1910 critica

470 1945 661 2009 adnotatione
688 1954 718 2005 et
743 1944 891 2024 exegetica
918 1944 999 2023 (nam
1027 1964 1066 2004 ne
1094 1943 1173 2005 hanc
1196 1944 1313 2025 quidem
1335 1955 1449 2026 partem
1475 1948 1647 2028 neglexerat
1668 1950 1728 2029 ille)

471 2049 701 2130 fragmentisque
728 2048 806 2111 vitae
832 2046 960 2127 artisque
986 2046 1153 2108 testimonia
1173 2047 1342 2128 praefigere.
1386 2050 1428 2111 sic
1449 2060 1556 2131 poetas
1574 2075 1669 2135 usque
1690 2053 1729 2116 ad

471 2150 682 2232 Empedoclem
703 2171 798 2232 paene
815 2170 988 2231 permensus
1000 2169 1088 2224 eram,
1103 2170 1171 2238 cum
1185 2150 1253 2225 vidi,
1269 2151 1325 2212 nisi
1340 2151 1529 2216 difficillimos
1544 2152 1611 2215 illos
1625 2162 1728 2233 poetas

471 2265 524 2317 aut
550 2253 746 2335 inexplicatos
773 2255 804 2314 in
829 2252 1002 2334 gravissimo
1033 2272 1150 2333 quoque
1177 2251 1243 2315 loeo
1271 2253 1435 2335 relinquere
1456 2265 1510 2318 aut
1530 2257 1620 2318 nimia
1641 2257 1729 2316 inter·

471 2359 634 2439 pretatione
664 2357 749 2438 quasi
781 2355 903 2419 obruere
935 2354 1058 2431 vellem,
1081 2355 1244 2419 doctrinam
1265 2357 1336 2418 mihi
1355 2359 1452 2439 ipsam
1484 2359 1729 2441 philosophorum

471 2459 695 2522 adscribendam
723 2480 794 2521 esse.
837 2479 966 2539 namque
992 2458 1048 2520 etsi
1075 2467 1177 2540 poetas
1205 2459 1305 2539 edere,
1327 2481 1391 2523 non
1412 2461 1618 2544 philosophos,
1640 2464 1729 2528 huius

471 2563 609 2645 Corporis
637 2563 771 2625 instituto
799 2562 911 2636 iubeor,
939 2571 1040 2623 tamen
1062 2562 1126 2623 sine
1152 2560 1357 2643 philosophiae
1378 2563 1445 2625 luce
1465 2585 1553 2627 caeca
1573 2565 1636 2628 fore
1657 2566 1730 2629 haec

471 2667 602 2729 carmina
634 2664 774 2726 intellexi.
816 2665 915 2744 itaque
948 2664 1056 2726 selecta
1087 2665 1347 2746 doxographorum
1381 2667 1479 2748 capita
1508 2668 1576 2732 vitis
1606 2669 1730 2750 singulis

472 2769 615 2843 adnexui;
638 2789 697 2850 quo
719 2767 798 2829 facto
820 2776 965 2848 quantum
987 2767 1188 2848 aequabilitati
1208 2768 1384 2837 detrahetur.
1400 2780 1517 2834 tantum
1531 2773 1731 2854 perspicuitati

473 2873 606 2936 additum
626 2872 661 2932 iri
682 2891 775 2953 spero.

557 2985 708 3054 praeterea
728 2974 845 3036 testium
868 2972 1061 3048 abundantia,
1075 2994 1151 3055 quae
1161 2983 1222 3035 tam
1233 2974 1384 3037 difficilem
1395 2997 1485 3059 quam
1496 2978 1650 3042 molestam
1664 2980 1730 3043 red·

472 3080 546 3143 didit
566 3080 655 3142 huius
676 3078 836 3143 voluminis
855 3077 1065 3152 recensionem,
1080 3087 1200 3140 coaetus
1215 3100 1282 3141 sum
1296 3080 1436 3143 lemmata
1450 3102 1469 3144 a
1483 3082 1562 3145 notis
1578 3083 1730 3164 seiungere

472 3183 651 3266 interpositis
665 3183 736 3264 ipsis
750 3180 893 3244 versibus.
936 3201 992 3242 nec
1006 3190 1105 3243 tamen
1120 3180 1177 3243 hoc
1191 3203 1282 3263 grave
1296 3183 1452 3246 discrimen
1466 3185 1595 3248 rationis.
1636 3183 1728 3266 paulo

472 3287 590 3369 gravior
616 3286 751 3351 videatur
779 3285 888 3347 ordinis
918 3284 1049 3348 mutatio.
1092 3284 1249 3347 Kaibelius
1270 3285 1348 3348 enim
1370 3287 1411 3349 sic
1432 3287 1612 3360 instituerat,
1634 3295 1668 3348 ut
1689 3286 1727 3348 ad

473 3393 601 3455 incertae
623 3390 700 3453 sedis
722 3390 889 3470 fragmenta
910 3387 1078 3450 ordinanda
1099 3398 1253 3451 auctorum
1271 3389 1358 3452 series
1369 3391 1532 3454 secundum
1541 3371 1656 3453 litteras
1671 3391 1728 3452 dis·

473 3495 571 3576 posita
597 3493 717 3557 valeret.
760 3512 850 3574 quam
876 3491 1021 3555 rationem
1049 3491 1081 3552 in
1107 3491 1280 3555 universum
1306 3493 1495 3557 vehementer
1515 3494 1624 3576 prob03
1646 3504 1676 3556 et
1696 3503 1730 3555 ut

473 3598 544 3661 alibi
571 3596 718 3660 Heracliti
745 3595 825 3658 dicta
852 3595 890 3656 ad
916 3595 996 3657 hanc
1022 3614 1158 3657 normam
1183 3595 1330 3673 disposui,
1353 3597 1394 3658 ita
1414 3596 1462 3658 hic
1482 3596 1614 3659 Timonis
1637 3597 1727 3664 sillos.

473 3722 544 3765 nam
566 3721 656 3783 quam
678 3698 748 3761 olim
769 3698 839 3760 mihi
860 3697 1121 3773 Wachsmuthius,
1143 3718 1231 3779 quem
1252 3698 1373 3761 honoris
1394 3719 1486 3761 causa
1506 3699 1639 3774 nomino,
1662 3722 1727 3781 pro-

472 3805 597 3868 baverat
618 3803 741 3867 formam
762 3802 838 3878 libri,
858 3802 938 3864 hanc
959 3802 1010 3864 ubi
1032 3802 1197 3864 accuratius
1218 3802 1394 3876 examinavi,
1417 3801 1520 3864 fulcris
1542 3823 1648 3883 parum
1669 3813 1727 3864 sta·

473 3907 584 3970 bilibus
611 3906 666 3968 niti
686 3903 828 3969 intellexi.
871 3925 940 3985 ergo
962 3925 1001 3965 ne
1021 3905 1055 3965 in
1076 3904 1204 3966 eundem
1225 3904 1288 3985 ipse
1309 3925 1436 3966 errorem
1456 3904 1579 3980 laberer,
1600 3904 1727 3968 libenter

474 4009 605 4074 Kaibelii
636 4009 744 4073 rationi
774 4030 821 4071 me
847 4009 1004 4091 applicavi.
1048 4019 1175 4071 ceterum
1205 4029 1244 4069 ne
1270 4009 1302 4069 in
1332 4008 1452 4071 inertiae
1473 4008 1614 4091 pulvino,
1636 4029 1727 4090 quam

474 4114 624 4179 nesciendi
645 4123 737 4176 artem
758 4113 851 4194 vulgo
873 4113 984 4188 dicunt,
1007 4113 1188 4194 acquievisse
1202 4111 1324 4187 viderer,
1336 4122 1578 4193 argumentorum
1592 4111 1726 4174 tabulam

474 4237 510 4279 ac
530 4215 756 4298 discriptionem,
780 4212 898 4294 qualem
919 4213 983 4293 ipse
1003 4214 1127 4296 concepi
1150 4215 1257 4289 animo,
1279 4215 1453 4297 fragmentis
1474 4215 1618 4296 praemisi.

558 4328 590 4380 at
613 4319 703 4400 longe
716 4317 776 4380 alia
790 4318 922 4382 condicio
933 4319 1065 4400 ipsorum
1079 4319 1333 4402 philosophorum.
1377 4317 1424 4380 hic
1438 4317 1517 4379 enim
1531 4315 1726 4399 periclitanda

474 4431 537 4486 erat
557 4423 790 4504 fragmentorum
804 4442 868 4485 non
882 4422 1004 4485 fortuita
1017 4421 1179 4487 collocatio.
1223 4423 1360 4484 nimirum
1375 4430 1429 4483 aut
1442 4429 1559 4482 tantum
1574 4429 1724 4484 servatum

474 4536 538 4589 erat
562 4526 699 4590 velutin
721 4526 934 4601 Parmenideis,
963 4535 998 4589 nt
1025 4526 1181 4590 consilium
1209 4535 1314 4608 poetae
1340 4535 1447 4607 suapte
1475 4534 1582 4606 sponte
1603 4533 1725 4606 pateret,

475 4640 528 4693 aut
548 4639 611 4692 tam
631 4651 727 4712 pauca
748 4631 824 4692 inter
846 4631 927 4694 varia
947 4650 1057 4712 genera
1077 4630 1231 4693 distributa
1252 4629 1335 4694 velut
1356 4627 1566 4710 Xenophanis,
1588 4636 1623 4688 ut
1643 4626 1725 4689 haud

475 4733 561 4802 facile
588 4753 692 4824 posses
718 4731 992 4813 damascinae,
1019 4741 1073 4796 aut
1099 4733 1312 4796 sententiarum
1334 4753 1467 4796 conexus
1488 4731 1553 4811 ipso
1575 4729 1725 4792 doctrinae
