4117 5617
771 580 804 635 Β.
821 579 877 634 FR.
895 583 1006 635 siv-70.
1040 580 1116 634 ΠΕΡΙ
1134 579 1265 634 ΦΥΣΕΩΣ
1592 577 1652 639 133

397 748 556 822 εἰρήκασιν·
581 744 597 808 ὃ
620 750 674 820 μὲν
695 746 752 822 γάρ
775 751 954 823 Παρμενίδης
975 742 1069 816 οὕτως
1089 743 1143 821 ἔφη
1165 740 1523 820 (δεξιτεροῖσι-κοόραᾷ
1547 748 1589 815 [fr.
1603 753 1655 815 11].

399 831 415 895 δ
435 830 463 894 ι’
479 830 516 893 's
535 825 639 901 οὕτως·
658 828 917 906 ‘ev-assio&
985 833 1364 904 flffmspid.v12‚25
1384 833 1531 900 [visos]
1556 825 1602 892 διι
1618 832 1655 892 ει

397 922 635 995 θερμοτέρωι,
655 920 858 992 στερεωτέριει,
884 918 916 978 έν
934 929 1010 978 τοῖσι
1029 923 1144 986 δεξιοῖσι
1165 922 1224 975 καί
1240 918 1388 988 μέλανες
1409 916 1464 977 διά
1483 922 1656 977 τοῦτοκαὶ

399 1005 453 1076 iem
471 1007 500 1064 αἳ
517 1007 623 1080 φλέβες
638 1009 758 1075 μᾶλλον.
792 1004 864 1060 hanc
879 1011 974 1060 notam
992 1005 1111 1074 explieat
1128 1003 1189 1060 Gal.
1207 1004 1225 1058 l.
1237 1020 1260 1060 (ι
1277 1019 1305 1073 p.
1319 1007 1398 1059 1001:
1420 999 1532 1079 έμβρυα
1548 1002 1585 1065 τά
1601 1006 1656 1076 μέν

398 1090 509 1166 ἄρρενα
527 1089 558 1148 έν
575 1100 652 1148 τοῖσι
673 1094 789 1156 δεξιοῖσι
809 1088 909 1162 μέρεσι
931 1093 981 1160 τῆς
1003 1084 1115 1160 μήτρας
1136 1093 1247 1155 μᾶλλον
1269 1083 1430 1160 εὑρίσκεται
1457 1087 1657 1162 συνιστάμενα,

399 1175 434 1238 τά
453 1177 483 1235 δὲ
500 1171 591 1250 θήλεα
608 1172 684 1232 κατά
703 1171 756 1233 τόν
774 1170 877 1244 ἕτερον
893 1169 1008 1231 κόλπον
1031 1167 1118 1245 αὐτῆς
1134 1172 1188 1234 τόν
1211 1168 1375 1247 ἀριστερόν.
1409 1172 1487 1242 εἰκός
1503 1172 1560 1250 γάρ
1578 1174 1656 1234 ἐστιν

399 1262 432 1321 ἐν
448 1266 502 1319 τῶι
512 1259 695 1333 θερμοτέροιι
705 1259 788 1330 μέρει
805 1263 855 1331 τῆς
865 1253 976 1333 μήτρας
994 1255 1029 1317 τό
1042 1255 1228 1332 θερμότερον
1240 1261 1437 1317 συνίστασθαι.
1473 1256 1657 1334 θερμότερον

399 1348 430 1406 δέ
447 1345 507 1404 ἐστι
525 1343 559 1404 τό
578 1340 677 1418 άρρεν,
695 1344 735 1410 ῶς
751 1347 832 1416 δηλοῖ
846 1348 896 1400 καί
913 1342 948 1401 τό
965 1348 1025 1401 τῶν
1045 1347 1163 1417 φλεβῶν
1183 1343 1309 1417 μέγεθος
1332 1344 1444 1415 [legitns
1464 1344 1585 1415 μέζονες
1604 1362 1657 1416 pro

400 1430 485 1500 ἔξοιί]
502 1428 534 1487 έν
548 1423 637 1487 αὖτῶι
655 1432 703 1486 καὶ
715 1423 731 1500 ή
743 1424 829 1501 χρόα.
858 1422 1033 1501 μελάντεροι
1049 1427 1106 1502 γάρ
1119 1422 1265 1487 τοάπίπιιν
1283 1427 1311 1486 οί
1323 1424 1426 1499 άνδρες
1436 1433 1496 1487 τῶν
1506 1434 1657 1502 γυναικῶν.

555 1540 590 1601 ἐν
612 1538 674 1622 γὰρ
691 1538 906 1622 θερμουέροιι
928 1539 1030 1613 τοκὰς
1052 1540 1192 1623 ἄρρενος
1214 1536 1336 1600 ἔπλετο
1359 1539 1503 1623 γαστήρ·

555 1640 611 1701 καί
633 1637 774 1718 μέλανες
798 1636 854 1702 διὰ
877 1646 977 1701 τοῦτο
1000 1642 1057 1703 καί
1080 1635 1349 1725 ἀνδρωδέστεροι
1370 1636 1490 1724 ἄνδρες

555 1742 614 1803 καί
637 1739 832 1827 λαχνήευτες
854 1739 992 1820 μᾶλλον.

506 1878 519 1928 1
542 1873 736 1944 θερμοτέρωι;
755 1887 824 1928 esve
841 1876 983 1942 δεξιτερῶι
1007 1870 1120 1927 scribas.
1137 1871 1313 1941 Empedoclis
1335 1887 1363 1926 v.
1380 1873 1501 1942 pertinet
1518 1872 1554 1928 ad
1570 1872 1659 1942 prima

401 1958 489 2014 verba
500 1957 675 2028 Hippocratis
718 1955 805 2023 τσκὰς
821 1952 947 2027 ἄρρενος
963 1952 1067 2014 ἔπλετο
1079 1951 1190 2028 γαστήρ
1207 1957 1333 2026 rsscn‘psi
1349 1957 1604 2024 (Herm.XV1'10):
1621 1953 1658 2015 τό

401 2037 468 2100 κατ’
488 2037 598 2112 ιῖρρενα
611 2038 715 2100 έπλετο
733 2044 814 2115 γαίης
831 2040 891 2097 Gai.
902 2041 965 2097 edi
1017 2042 1203 2111 Hippocrates
1219 2042 1305 2098 verba
1322 2040 1354 2100 ἐν
1365 2044 1548 2114 θερμοτέροιι
1565 2050 1594 2099 st
1610 2045 1659 2100 καί

402 2128 524 2199 μέλανες
541 2125 586 2185 διά
604 2132 691 2185 τοῦτο
710 2127 859 2183 verisimile
876 2143 911 2182 ex
930 2125 1099 2196 Empedosls
1121 2127 1155 2183 ab
1173 2133 1285 2183 auctore
1306 2127 1429 2198 quisquis
1446 2128 1501 2183 fuit
1517 2128 1546 2182 in
1563 2126 1659 2183 eoniu-

403 2230 502 2270 saneas
519 2229 583 2268 suas
600 2219 682 2269 notas
698 2213 785 2268 relata
803 2226 862 2268 esse
917 2215 932 2265 2
951 2204 1190 2283 άνδρωδέστεροις
1211 2213 1269 2268 noli
1292 2213 1543 2269 annominationsm
1560 2211 1660 2283 Empe·

403 2300 477 2356 docli
494 2300 603 2354 demere

877 2402 910 2453 68
930 2401 989 2464 [266
1007 2399 1052 2464 K,
1070 2401 1120 2453 230
1139 2399 1187 2463 Si]

506 2486 608 2540 Am.
625 2485 660 2540 ds
676 2499 738 2554 gen.
756 2483 838 2538 anim.
854 2487 912 2538 Δθ.
928 2489 1016 2538 72717
1042 2481 1078 2542 τό
1101 2481 1157 2557 γάρ
1179 2479 1253 2557 γάλα
1276 2485 1460 2555 πεπεμμένον
1482 2479 1553 2556 αἷμά
1576 2483 1662 2555 ἐστιν,

404 2563 471 2630 ἄλλ’
490 2564 524 2628 οὗ
541 2568 762 2642 διεφθαρμένον.
796 2560 833 2625 ’a
850 2572 867 2625 δ
872 2561 880 2582 ’
897 2564 916 2638 ή
938 2561 991 2626 οὐκ
1010 2561 1110 2639 ὀρθῶς
1126 2564 1329 2642 ὑπελάμβανεν
1352 2567 1370 2643 ή
1388 2563 1441 2628 οὐκ
1458 2561 1490 2629 εὖ
1505 2565 1662 2642 μετήνεγκε

404 2647 529 2725 ποιήσας
546 2649 587 2722 ῶς
604 2651 638 2712 τό
656 2649 731 2727 γάλα

558 2763 664 2847 μηνός
686 2763 721 2823 ἐν
745 2757 909 2842 δγόσιίτου
934 2757 1071 2846 δεκάτηι
1093 2764 1181 2824 πύον
1204 2759 1326 2824 ἔπλετο
1351 2759 1474 2824 λευκόν.

406 2889 555 2965 σαπρότης
571 2889 629 2964 γάρ
646 2895 695 2949 καί
707 2890 793 2964 πέψις
810 2888 954 2958 ἐναντίον,
972 2887 1006 2947 τό
1026 2891 1056 2949 δέ
1073 2888 1149 2949 πόαν
1161 2887 1309 2964 σαπρότης
1325 2893 1370 2958 τίς
1383 2890 1470 2962 έστιν,
1488 2889 1522 2950 τό
1542 2893 1571 2950 δέ
1587 2888 1662 2965 γάλα

405 2983 465 3036 τῶν
488 2978 686 3048 πεπεμμένων.
727 2975 836 3046 Philop.
853 2974 987 3041 (Michael)
1009 2974 1046 3029 ad
1063 2974 1090 3029 h.
1106 2975 1124 3029 l.
1139 2975 1159 3029 f.
1178 2980 1250 3031 1011:
1273 2970 1290 3047 ή
1312 2975 1341 3034 δέ
1362 2981 1415 3033 τοῦ
1436 2969 1662 3046 Ἑμπεδοκλείου,

402 3064 503 3133 inquit,
516 3065 618 3135 στίχου
629 3056 740 3119 διάνοια
753 3065 806 3119 τοῦ
819 3052 1137 3132 (μηνός-λευκόά
1150 3050 1221 3132 αότη
1232 3057 1323 3117 ἐστίν·
1337 3058 1367 3117 ἐν
1379 3065 1422 3129 τήι
1435 3057 1547 3134 δεκάτηι
1560 3056 1662 3133 ήμέροιι

403 3152 458 3204 τοῦ
477 3141 583 3219 ὀγδόου
600 3144 690 3217 μηνός
707 3145 809 3220 γέγονε
827 3143 862 3203 τό
881 3143 955 3217 γάλα
974 3143 1049 3202 πόον
1066 3138 1181 3202 λευκόν·
1199 3141 1235 3201 τό
1252 3141 1309 3217 γάρ
1329 3138 1510 3218 όγδοάτου
1528 3140 1593 3205 άντί
1610 3150 1663 3204 τοῦ

405 3225 515 3305 όγδόου
533 3231 663 3304 εἴληπται

961 3369 994 3420 69
1013 3365 1108 3430 [deest]

953 3452 1122 3538 όίγονοι

508 3555 613 3611 Ριιοοῑι
630 3555 660 3610 in
676 3555 710 3608 R.
722 3554 754 3608 P.
766 3553 795 3608 11
807 3557 848 3620 34,
861 3557 893 3608 25
911 3552 999 3608 Kroll.
1012 3545 1058 3609 ότι
1075 3555 1124 3608 καί
1141 3545 1174 3608 F.
1194 3546 1270 3609 οἶδεν
1287 3548 1341 3610 τόν
1358 3556 1476 3610 διπλοῦν
1494 3555 1553 3610 τῶν
1564 3547 1662 3625 γεννή-

406 3659 483 3698 σεων
498 3635 609 3713 χρόνον
622 3640 687 3707 [scil.
699 3639 754 3695 VH
772 3645 801 3695 et
811 3638 853 3693 IX
870 3637 1022 3702 mensiuml.
1059 3633 1102 3694 διὸ
1120 3640 1170 3694 καί
1186 3634 1239 3703 τάς
1249 3647 1386 3710 γυναῖκας
1402 3642 1486 3694 καλεῖ
1502 3632 1664 3710 διγόνους

405 3719 574 3798 (δισγόνους,
592 3744 610 3783 σ
626 3725 657 3780 in
673 3743 735 3792 ras,
753 3731 812 3780 tum
829 3729 956 3793 expunot.
974 3723 1072 3789 codex)
1096 3725 1145 3779 καί
1161 3719 1214 3792 τήν
1229 3716 1375 3794 ὑπεροχήν
1392 3725 1445 3780 τοῦ
1460 3717 1588 3794 πλήθους
1605 3727 1665 3780 τῶν

406 3804 523 3880 ἡμερῶν
545 3803 634 3876 αὐτὸς
657 3805 737 3867 εἶπεν
752 3813 802 3866 καί
827 3802 872 3864 ὅτι
889 3805 926 3865 τά
951 3800 1098 3879 ὀκτάμηνα
1117 3804 1219 3880 άγονα.
1279 3807 1313 3864 of.
1335 3807 1410 3863 Am.
1427 3807 1453 3863 V
1471 3811 1544 3874 18,1
1567 3808 1608 3873 [A
1631 3812 1664 3863 ’15

405 3911 432 3963 p.
453 3897 495 3961 96,
512 3897 555 3960 32]

929 4030 962 4081 70
981 4032 1016 4097 [p.
1027 4031 1079 4082 474
1097 4027 1143 4094 K]

960 4118 1113 4196 ἀμνίον

507 4218 609 4274 Rusus
626 4215 727 4286 Ephes.
739 4219 789 4271 229
806 4231 834 4285 p.
847 4219 905 4279 166,
919 4218 949 4268 12
962 4213 1143 4285 Dsrembsrg.
1162 4210 1196 4271 τὸ
1210 4213 1241 4272 δέ
1252 4212 1363 4286 βρέφος
1382 4213 1546 4285 περιέχεται
1556 4217 1666 4285 χιτῶσι,

406 4309 460 4362 τῶι
490 4304 544 4375 μέν
573 4305 681 4361 λεπτῶι
710 4304 760 4357 καί
791 4302 935 4371 μαλακῶι·
973 4292 1104 4369 άμνίον
1136 4292 1225 4358 αὐτόν
1250 4292 1285 4355 ’λλ
1314 4303 1404 4355 καλεῖ.
1448 4296 1583 4355 ἐντεῦθέν
1615 4316 1667 4365 μοι

407 4396 489 4448 δοκεῖ
503 4393 553 4446 καί
570 4383 587 4461 ή
606 4386 752 4444 Εἰλείθυια
770 4377 882 4454 ’λμνιάς
898 4378 1111 4454 ἐπωνομάσθαι
1127 4379 1240 4455 μᾶλλόν
1251 4402 1306 4454 περ
1324 4379 1340 4454 ἢ
1358 4375 1419 4441 άπὸ
1436 4387 1490 4441 τοῦ
1506 4381 1538 4440 έν
1559 4376 1667 4454 Κρήτηι

406 4475 528 4545 λιμένος.
581 4489 615 4528 ex
633 4471 731 4528 eodem
747 4470 827 4526 fonte
837 4470 958 4526 Pom
975 4470 1004 4525 Π
1015 4475 1066 4525 223
1084 4461 1134 4528 δόο
1153 4470 1183 4528 δὲ
1202 4467 1232 4541 δή
1251 4471 1318 4538 περὶ
1335 4471 1387 4524 τῶι
1404 4463 1533 4542 έμβρόωι
1547 4467 1668 4541 χιτῶνές

407 4559 487 4626 εἰσιν,
505 4548 548 4615 ῶν
564 4555 618 4615 τόν
634 4557 687 4627 μέν
705 4551 824 4614 ένδοθεν
841 4549 1019 4624 λεπτότερον
1037 4557 1086 4610 καί
1103 4548 1312 4626 μαλακώτερον
1335 4545 1440 4623 άμνίον
1462 4547 1497 4611 Ἐ.
1515 4559 1614 4620 καλεῖ,
1631 4551 1666 4611 τό

406 4644 437 4702 δὲ
455 4639 564 4712 ἔξωθεν
580 4637 630 4700 ἐπ’
649 4634 738 4699 αότῶι
759 4637 794 4700 τό
819 4638 894 4712 πρὸς
911 4643 956 4712 τήι
978 4639 1097 4711 ὑστέραι
1118 4634 1222 4711 χόριον
1246 4631 1430 4708 ὀνομάζεται,
1453 4628 1488 4697 οὗ
1505 4644 1555 4697 καί
1578 4635 1595 4697 ὃ
1615 4631 1666 4709 όμ-

407 4725 503 4807 φαλός
518 4725 679 4800 έκπέφυκεν
1467 4729 1470 4737 “
