4117 5617
614 568 653 622 A.
670 567 771 624 TEST.
789 568 911 624 VITAE.
947 566 1185 636 2(ARlsTocL.
1202 571 1305 634 4-13).
1523 564 1584 625 17⁷

330 744 443 804 πάντα
460 742 512 827 εἴη
529 738 623 805 δυοῖν
638 743 797 827 θάτερον,
820 744 840 828 ή
864 749 999 806 σιωπᾶν
1021 745 1041 828 ή
1059 743 1324 828 ἀποφαίνεσθαί
1346 763 1379 803 τι
1393 743 1450 803 καὶ
1466 739 1581 823 λέγειν.

328 846 360 906 εί
381 846 442 923 μὲν
465 844 523 907 οὸν
545 845 686 929 ήσυχίαν
709 846 831 926 ἄγοιεν,
862 842 963 931 δῆλον
986 847 1041 907 ότι
1062 847 1150 929 πρός
1172 865 1208 925 γε
1231 845 1309 918 τούς
1330 845 1506 919 τοιούτους
1529 845 1583 904 ού-

329 943 400 1022 δείς
422 947 463 1009 ἀν
479 946 530 1030 εἴη
548 944 661 1029 λόγος·
684 948 716 1008 εί
731 937 765 1008 δ’
784 947 1046 1031 ἀποφαίνοιντο,
1070 948 1198 1029 πάντηι
1211 965 1248 1008 τε
1262 946 1320 1006 καί
1334 946 1472 1020 πάντως
1495 942 1583 1006 εἶναί

328 1068 363 1109 τι
379 1052 481 1133 φαῖεν
504 1031 549 1110 ἀν’
566 1048 586 1132 ή
609 1049 653 1134 μή
678 1046 776 1124 εἶναι,
798 1049 959 1131 καθάπερ
976 1046 1094 1126 ἀμέλει
1115 1049 1188 1109 νυνί
1204 1063 1310 1132 φασιν
1333 1049 1379 1122 ὡς
1402 1047 1452 1130 εἴη
1470 1048 1581 1108 πάντα

290 1159 305 1208 5
328 1152 484 1231 ἀγνωστα
505 1150 564 1210 καὶ
578 1151 722 1229 νομιστά
746 1156 844 1227 πᾶσι,
868 1152 915 1225 ὡς
938 1142 969 1212 δ’
995 1147 1100 1212 οὐδέν.
1186 1156 1285 1210 τοῦτο
1301 1150 1414 1210 τοίνυν
1437 1150 1456 1209 ὁ
1479 1145 1618 1224 ἀξιῶνθ

328 1253 405 1336 ήτοι
428 1248 532 1335 δηλοῖ
549 1254 587 1314 τό
611 1259 750 1337 πρᾶγμα
774 1254 832 1314 καί
846 1254 977 1314 ἔνεστιν
999 1253 1080 1313 αδτδ
1106 1250 1256 1313 συνεῖναι
1271 1247 1458 1331 λεγόμενον,
1480 1251 1500 1335 ή
1525 1253 1582 1313 οὐκ

326 1355 466 1416 ἔνεστιν.
511 1345 586 1414 ἀλλ’
612 1357 644 1416 εί
664 1357 726 1433 μὲν
757 1356 796 1416 οὐ
819 1350 927 1438 δηλοῖ,
950 1351 1118 1430 καθάπαξ
1144 1350 1256 1428 οὐδεὶς
1286 1343 1357 1415 οὐδ’
1384 1355 1471 1416 ούτω
1495 1355 1583 1438 πρός

328 1456 385 1516 τόν
400 1462 556 1517 τοιοῦτον
579 1457 620 1518 ἀν
643 1457 695 1540 εἴη
713 1452 819 1539 λόγος.
858 1459 890 1518 εί
912 1452 948 1518 δὲ
966 1458 1136 1539 σημαίνοι,
1152 1457 1291 1530 πάντως
1311 1457 1331 1540 ή
1348 1458 1475 1541 ἀπειρα
1492 1452 1584 1537 λέγοι

327 1557 368 1617 ἀν
390 1557 409 1640 ή
434 1561 694 1641 πεπερασμένα·
723 1561 780 1621 καὶ
803 1562 834 1620 εί
861 1560 923 1637 μὲν
946 1560 1083 1641 ἄπειρα,
1113 1549 1188 1619 οὐδ’
1214 1560 1322 1633 οὕτως
1345 1559 1386 1620 ἀν
1408 1557 1459 1642 εἴη
1484 1555 1582 1639 λόγος

276 1666 306 1717 10
327 1660 415 1743 πρός
438 1660 553 1720 αὐτόν·
579 1661 723 1745 ἀπείρου
746 1661 809 1743 γὰρ
831 1667 955 1742 γνῶσις
979 1662 1036 1721 οῦκ
1059 1662 1146 1722 ἔστι·
1177 1664 1445 1744 πεπερασμένων
1469 1655 1504 1720 δέ
1529 1660 1581 1720 όν-

327 1781 394 1822 των
415 1767 483 1823 τῶν
506 1757 719 1845 δηλουμένων
741 1763 761 1846 ή
785 1763 860 1836 ένδς
887 1763 1027 1823 ὁτουοῦν
1050 1762 1070 1821 ὁ
1091 1769 1190 1823 τοῦτο
1214 1759 1318 1844 λέγων
1341 1755 1447 1845 ὁρίζει
1469 1781 1503 1822 τι
1523 1762 1581 1822 καί

326 1864 440 1947 κρίνει.
479 1870 555 1938 πῶς
578 1862 636 1925 οὸν
652 1866 807 1945 ἄγνωστα
823 1865 880 1925 καὶ
897 1864 1097 1946 ἀνεπίκριτα
1114 1866 1225 1926 πάντα
1242 1864 1294 1949 εἴη
1310 1866 1368 1939 ἀν,·
1389 1863 1421 1924 εί
1441 1858 1476 1923 δὲ
1494 1863 1579 1945 φαίη

326 1965 428 2025 ταύτδ
445 1961 534 2026 εἶναι
555 1966 612 2026 καί
634 1967 678 2050 μή
703 1962 801 2041 εἶναι,
825 1972 963 2050 πρῶτον
985 1966 1047 2042 μέν
1062 1966 1160 2027 ἔσται
1175 1968 1277 2028 ταύτό
1300 1967 1358 2027 καὶ
1373 1962 1503 2049 ἀληθὲς
1524 1965 1581 2025 καὶ

325 2062 463 2147 ψεῦδος,
487 2067 607 2128 ἔπειτα
632 2062 669 2127 δ’
685 2068 760 2151 έρεῖ
777 2087 811 2128 τι
832 2067 889 2127 καί
912 2068 970 2128 οὐκ
993 2068 1072 2151 ἐρεῖ,
1095 2067 1153 2128 καί
1176 2065 1280 2149 λόγωι
1292 2070 1463 2153 χρώμενος
1486 2067 1580 2128 ἀναι-

274 2175 304 2227 15
325 2169 422 2252 ρήσει
444 2165 553 2249 λόγον,
576 2170 628 2230 ἔτι
650 2164 687 2230 δέ
715 2166 888 2250 ὁμολογῶν
916 2164 1115 2249 ψεύδεσθαι
1143 2172 1317 2232 πιστεύειν
1346 2175 1471 2232 ἑαυτῶι
1494 2183 1581 2253 φησι

325 2265 404 2332 δεῖν.
493 2266 589 2346 ἀξιον
613 2266 649 2331 δέ
665 2264 807 2354 ζητήσαι
821 2271 934 2332 πόθεν
956 2271 1014 2332 καὶ
1027 2272 1201 2348 μαθόντες
1217 2269 1325 2356 ἀδηλα
1342 2273 1454 2331 πάντα
1472 2271 1577 2354 φασὶν
1589 2275 1629 2338 10

325 2369 421 2434 εἶναι.
461 2368 518 2434 δεῖ
534 2373 596 2456 γὰρ
613 2367 741 2433 εἰδέναι
755 2374 922 2456 πρότερον
938 2375 1070 2450 αύτούς,
1093 2376 1128 2436 τί
1150 2370 1189 2458 δή
1206 2377 1293 2435 ποτέ
1312 2375 1387 2435 έστι
1408 2373 1446 2433 τό
1465 2367 1578 2456 δῆλον·

325 2476 412 2536 ούτω
441 2481 520 2556 γοῦν
550 2474 591 2535 ἀν
619 2474 727 2551 έχοιεν
756 2469 863 2555 λέγειν
895 2476 942 2549 ὡς
971 2477 1029 2536 ούκ
1058 2475 1109 2559 εἴη
1140 2477 1182 2537 τοὶ
1212 2476 1395 2560 πράγματα
1428 2481 1579 2536 τοιαῦτα.

324 2583 462 2659 πρῶτον
483 2576 546 2660 γὰρ
576 2571 704 2637 εἰδέναι
724 2576 785 2659 χρή
816 2576 875 2660 τήν
896 2578 1101 2661 κατάφασιν,
1133 2574 1206 2638 εἶτα
1230 2578 1290 2662 τήν
1313 2577 1503 2661 ἀπόφασιν.
1549 2579 1581 2638 εί

272 2689 302 2740 20
325 2675 361 2740 δέ
377 2679 555 2760 ἀγνοοῦσιν
571 2678 694 2737 ὁποῖόν
717 2677 791 2737 έστι
813 2677 851 2737 τό
875 2672 986 2760 δῆλον,
1010 2679 1068 2739 ούκ
1091 2678 1132 2739 ἂν
1147 2675 1268 2741 εἰδεῖεν
1287 2675 1365 2740 οὐδὲ
1380 2679 1415 2739 τί
1436 2680 1475 2739 τό
1499 2674 1580 2762 ἀδη-

325 2778 392 2842 λον.
481 2781 612 2841 ὁπόταν
633 2798 670 2860 γε
691 2779 757 2863 μήν
773 2774 1013 2862 Αίνησίδημος
1036 2782 1071 2841 έν
1093 2787 1148 2864 τήι
1166 2772 1404 2842 Ὑποτυπώσει
1426 2781 1506 2854 τούς
1528 2781 1628 2844 έν-11

324 2886 382 2943 νέα
410 2877 535 2965 διεξίηι
562 2883 712 2966 τρόπους
741 2879 836 2955 (κατὰ
867 2883 1052 2954 τοσούτους
1079 2882 1141 2964 γὰρ
1169 2883 1378 2966 ἀποφαίνειν
1406 2878 1514 2966 ἀδηλα
1537 2883 1578 2942 τά

324 2987 507 3068 πράγματα
531 2981 750 3067 πεπείραται)
774 2984 920 3063 πότερον
943 2984 1045 3044 αὐτόν
1066 2989 1183 3067 φῶμεν
1199 2979 1313 3045 εἰδότα
1330 2980 1436 3064 λέγειν
1458 2984 1580 3058 αὐτούς

323 3088 344 3171 ή
361 3087 562 3167 ἀγνοοῦντα,·
584 3085 671 3169 φησὶ
685 3084 748 3166 γὰρ
766 3085 820 3145 ότι
834 3084 875 3144 τὰ
891 3078 975 3160 ζῶια
991 3080 1150 3170 διαφέρει
1168 3087 1224 3147 καὶ
1239 3088 1336 3168 ήμεῖς
1351 3087 1449 3147 αὐτοὶ
1470 3085 1528 3145 καὶ
1543 3087 1580 3146 αἱ

271 3198 302 3248 25
325 3185 445 3263 πόλεις
465 3188 523 3249 καὶ
545 3188 579 3248 οί
593 3187 667 3267 βίοι
687 3186 745 3248 καί
767 3186 808 3246 τὰ
824 3186 890 3269 έθη
913 3187 970 3247 καί
993 3189 1027 3248 οί
1043 3189 1156 3264 νόμοι·
1180 3189 1237 3248 καὶ
1258 3188 1320 3262 τὰς
1336 3188 1520 3271 αἰσθήσεις
1542 3183 1580 3248 δέ

325 3307 431 3374 φησιν
452 3293 547 3374 ήμῶν
563 3290 724 3363 ἀσθενεῖς
746 3284 834 3348 εἶναι
855 3285 1039 3350 καὶπολλὰ
1062 3289 1103 3350 τοὶ
1127 3284 1257 3365 ἔξωθεν
1278 3287 1503 3367 λυμαινόμενα
1519 3291 1578 3376 τήν

323 3399 456 3474 γνῶσιν,
480 3391 707 3474 ἀποστήματα
722 3391 779 3451 καὶ
794 3390 923 3474 μεγέθη
940 3391 998 3452 καὶ
1013 3392 1177 3475 κινήσεις·
1201 3393 1253 3453 έτι
1276 3388 1312 3453 δὲ
1334 3393 1373 3453 τδ
1389 3393 1433 3477 μή
1451 3393 1578 3470 ὁμοίως

324 3491 523 3556 διακεῖσθαι
536 3496 632 3567 νέους
643 3494 699 3554 καὶ
711 3494 961 3578 πρεσβυτέρους
975 3494 1032 3553 καὶ
1044 3494 1267 3578 ἐγρηγορότας
1279 3495 1336 3555 καὶ
1347 3498 1578 3572 κοιμωμένους
1664 3520 1669 3528 ’

323 3598 380 3658 καὶ
400 3596 614 3677 ὑγιαίνοντας
635 3595 692 3655 καί
714 3603 911 3670 νοσοῦντας·
935 3591 1073 3670 οὐδενός
1094 3615 1131 3656 τε
1152 3598 1241 3679 ήμᾶς
1257 3593 1372 3657 ἁπλοῦ
1390 3597 1447 3657 καί
1463 3597 1578 3680 ἀκραι-

269 3708 301 3758 30
324 3705 430 3782 φνοῦς
444 3694 769 3777 ἀντιλαμβάνεσθαι.
805 3697 994 3780 πάνταγὰρ
1011 3693 1100 3757 εἶναι
1117 3701 1347 3778 συγκεχυμένα,
1368 3700 1425 3760 καὶ
1441 3701 1529 3784 πρός
1544 3719 1578 3760 τι

323 3797 493 3881 λεγόμενα.
580 3805 684 3859 ταῦτα
702 3793 748 3874 δέ,
772 3799 870 3883 φημί,
892 3799 1005 3859 καὶτὰ
1021 3805 1162 3859 τοιαῦτα
1177 3796 1456 3880 κομψολογοῦντα
1474 3801 1575 3861 αὐτόν
1587 3802 1626 3862 12

322 3897 431 3985 ήδεώς
453 3902 494 3960 ἀν
516 3920 569 3974 τις
589 3901 699 3985 ήρετο,
729 3903 875 3984 πότερον
904 3898 943 3961 εδ
963 3895 1064 3972 είδὼς
1088 3897 1185 3981 λέγει,
1216 3897 1307 3962 διότι
1329 3901 1370 3962 τὰ
1393 3902 1576 3986 πράγματα

323 4009 442 4064 τοῦτον
463 4003 533 4080 ἔχει
554 4003 612 4062 τόν
638 4004 767 4085 τρόπον
788 4001 807 4084 ή
832 4002 977 4082 ἀγνοῶν·
1012 4003 1044 4061 εί
1065 4001 1126 4077 μὲν
1148 4003 1210 4085 γὰρ
1235 4004 1293 4062 οῦκ
1315 3998 1414 4086 ήιδει,
1438 4010 1514 4077 πῶς
1536 4003 1577 4065 ἂν

321 4108 420 4189 ήμεῖς
442 4105 549 4165 αύτῶι
570 4105 807 4180 πιστεύοιμεν;
835 4104 866 4164 εί
889 4092 920 4163 δ’
947 4102 1115 4183 έγίνωσκε,
1142 4099 1278 4187 κομιδήι
1302 4124 1354 4178 τις
1375 4099 1416 4187 ήν
1438 4102 1577 4188 ήλίθιος

267 4215 300 4265 85
322 4209 391 4285 ἅμα
413 4208 474 4284 μὲν
496 4201 605 4289 ἀδηλα
628 4205 739 4266 πάντα
763 4205 1052 4289 ἀποφαινόμενος,
1080 4205 1149 4281 ἅμα
1173 4201 1209 4266 δὲ
1232 4213 1380 4267 τοσαῦτα
1404 4203 1507 4288 λέγων
1531 4209 1577 4268 εί-

323 4305 433 4370 δέναι·
476 4308 534 4369 καί
548 4307 613 4391 μήν
629 4306 734 4368 ὁπότε
756 4326 792 4387 γε
808 4312 948 4368 τοιαῦτα
965 4301 1132 4381 διεξίοιεν,
1156 4303 1252 4369 οὐδὲν
1268 4303 1347 4368 ἀλλ’
1362 4308 1381 4392 ἢ
1398 4310 1576 4392 έπαγωγήν
1587 4315 1627 4375 13

425 4468 602 4544 3οἴηοιυ.0
669 4466 802 4542 4ἢευοε
814 4464 887 4527 εἶναι
899 4468 1005 4524 addunt
1016 4469 1103 4539 vulgo
1116 4477 1145 4524 at
1156 4470 1190 4526 cf.
1203 4488 1231 4525 v.
1246 4475 1276 4525 13
1289 4473 1389 4540 ειξῖθ
1443 4468 1483 4538 ὡς
1500 4473 1575 4529 libn':

321 4552 457 4629 γνωστόν
474 4555 566 4625 vulg.;
583 4554 702 4611 fortasse
716 4551 847 4626 νομιοτοὶ,
864 4555 978 4625 παγίως
996 4546 1023 4610 δ’
1043 4547 1125 4611 οάόέν
1145 4551 1359 4626 (καταληπτόν)
1376 4555 1410 4610 cf.
1422 4556 1497 4612 Sext
1509 4558 1577 4615 VIII

323 4644 372 4695 186
443 4643 475 4694 13
493 4631 582 4697 ταύτδ
600 4634 674 4696 εἶναι
692 4640 754 4698 OG:
773 4633 863 4697 ταύτδ
880 4641 929 4695 καί
947 4633 1021 4696 εἶναι
1038 4640 1121 4695 ceteri
1139 4639 1227 4710 vulgo
1295 4644 1327 4694 22
1347 4638 1446 4714 όιεξήει
1462 4642 1525 4699 libri

321 4730 355 4780 32
374 4725 448 4797 λέγει
467 4724 529 4780 OG:
548 4723 627 4795 λέγοι
643 4726 726 4781 oeteri

372 4816 464 4868 Diels.
479 4816 562 4861 Poetae
573 4816 653 4872 philos.
1389 4816 1420 4866 12
