4117 5617
487 571 550 632 196
1038 573 1062 624 9.
1079 568 1195 625 TIMON

382 757 385 760 ·
487 716 1526 814 όσιλλογράφοςείπετδιάμφοτερογλιόσσοιοὲΖὴνωνοςῖ
1585 738 1746 794 Procrin

484 828 574 884 Parm.
586 831 683 897 p.632‚
694 830 725 880 16
737 825 825 893 (Paris
838 829 914 890 1864)
925 826 974 880 καὶ
985 823 1103 880 τιθέντα
1115 828 1164 881 καί
1175 817 1351 895 ἀναιροῦντα
1363 820 1399 894 τά
1411 818 1565 894 μαχόμενα
1578 822 1746 890 (Platonem)

485 915 535 970 καί
546 904 599 983 οῦχ
617 906 657 977 olo
667 908 777 976 ἐκεῖνος
788 910 882 976 (Zeno)
898 908 1016 966 τιθέντα
1027 905 1134 978 μόνον·
1153 902 1192 967 δι’
1204 899 1246 966 ὧν
1257 906 1310 966 τόν
1322 912 1450 966 πλοῦτον
1466 912 1526 965 τῶν
1536 904 1746 981 ἐπιχειρῦσεων

485 1001 596 1055 πολλῶι
613 990 821 1066 ποικιλώτερον
832 999 921 1061 δεῖξαι
937 999 990 1052 τοῦ
1007 989 1080 1065 παρ’
1099 991 1211 1052 έκείνωι
1230 989 1299 1060 τοὺς
1316 990 1420 1060 ἄλλους
1437 987 1746 1066 οῦτωςέκπλὴξαντος,

485 1073 562 1140 άόστε
579 1085 629 1139 καὶ
647 1076 701 1138 τόν
718 1075 914 1152 σιλλογράφον
926 1071 1311 1151 (άμφοτερόγλωσσον
1330 1072 1421 1136 αῦτόν
1438 1089 1607 1150 προσειπεῖν
1624 1084 1674 1138 καί
1692 1081 1746 1150 τήν

485 1162 604 1237 δύναμιν
616 1160 782 1239 άγασδέντα
799 1169 852 1223 τοῦ
864 1159 971 1235 ἀνδρός
984 1159 1090 1237 ςμέγα
1107 1157 1253 1230 σ6ένος’
1270 1158 1362 1235 φάναι
1375 1167 1426 1221 καί
1439 1159 1519 1222 “οῦκ
1536 1161 1556 1223 ά
1563 1161 1745 1223 λαπαδνὸν

485 1245 671 1324 Ζὴνωνος’.
722 1251 799 1305 Inmr
816 1249 884 1306 itio
909 1265 937 1319 p.
956 1253 1016 1315 684,
1033 1253 1066 1303 26
1094 1243 1111 1305 ὃ
1138 1243 1332 1321 σιλλογράφος
1353 1242 1742 1322 (άμφοτερόγλωσσον

485 1331 576 1396 αῦτὸν
593 1339 749 1404 (Zenonem)
767 1345 927 1407 προσεῖπεν
949 1329 989 1400 ὡς
1005 1330 1172 1406 ἐλεγκτικόν
1195 1325 1255 1402 άμα
1272 1338 1322 1390 καί
1343 1328 1567 1407 ύφηγηματικόν.
1615 1333 1744 1390 Sonom

485 1422 582 1479 Iambl.
600 1423 634 1478 V.
646 1422 678 1476 P.
690 1426 739 1476 267
756 1425 883 1492 p.198,2
902 1419 947 1476 ed.
959 1418 1065 1474 Nauck
1083 1412 1184 1490 Ζήνων
1202 1413 1219 1475 ό
1238 1414 1603 1493 άμφοτερόγλωσσος.

639 1525 971 1614 ἀμφοτερογλώσσου
993 1548 1031 1589 τε
1052 1529 1138 1608 μέγα
1162 1525 1288 1600 σθένος
1311 1530 1369 1589 ούκ
1392 1524 1591 1590 ἀλαπαδνόν
1654 1537 1656 1542 ’

637 1632 796 1715 Ζήνωνος
818 1633 956 1692 πάντων
979 1625 1213 1712 ἐπιλήπτορος
1233 1624 1293 1712 ηδέ
1314 1626 1494 1692 Μέλισσον

638 1729 775 1795 πολλῶν
799 1739 1007 1818 φαντασμῶν
1029 1731 1156 1806 ἐπάνω,
1180 1732 1321 1810 παύρων
1342 1752 1379 1813 γε
1400 1733 1462 1810 μὲν
1483 1733 1578 1816 ἥσσω
1596 1779 1602 1792 .
1621 1779 1653 1792 ..

588 1868 601 1918 1
622 1855 918 1934 άμφοτερογλόσσοιο
935 1861 992 1928 (vol
1003 1891 1039 1900 -
1050 1855 1167 1924 άττοιο)
1186 1876 1240 1916 om.
1252 1881 1285 1919 τε
1302 1861 1405 1932 Simpl„
1417 1862 1493 1918 Elias
1543 1861 1618 1933 μέγα
1629 1891 1661 1900 -
1672 1853 1741 1918 άλιι-

486 1946 598 2005 παδνόυ
614 1946 753 2002 homerica
838 1950 853 2000 2
872 1943 991 2005 πάντων
1007 1946 1095 2001 Plut:
1114 1939 1231 2003 πλάτων
1248 1947 1338 2002 Laert.
1393 1949 1533 2015 μελίσασα
1549 1947 1654 2002 Laert:
1673 1962 1741 2002 eorr.

483 2031 618 2100 lleinelro‚
636 2032 684 2102 qui
701 2036 758 2086 v.4
780 2031 922 2087 oontr’nuat
938 2024 1112 2104 γιγνόμενον
1199 2035 1214 2084 3
1227 2031 1327 2101 paucio
1344 2030 1500 2087 οοιπιπευδὶε
1521 2031 1742 2102 dogmatioorum

484 2117 648 2185 οδείνίοίαιιι,
665 2116 802 2186 plerisque
819 2117 935 2171 libemm
985 2108 1066 2187 ἥσσω
1082 2115 1143 2169 BP:
1161 2111 1230 2172 εἴσω
1248 2116 1271 2170 F

1068 2271 1101 2321 46
1119 2271 1155 2333 [2]

585 2356 670 2410 Droo.
686 2355 727 2408 IX
744 2359 778 2408 46
801 2350 920 2411 πάντων
941 2352 999 2425 γάρ
1020 2349 1126 2424 σχεδόν
1146 2357 1207 2410 τῶν
1230 2346 1361 2426 άρχαίων
1381 2354 1561 2426 μεμνημένος
1579 2348 1596 2410 δ
1617 2346 1742 2411 Πλάτων

485 2434 612 2507 οὐδαμοῦ
629 2440 812 2509 Δημοκρίτου
832 2433 1057 2509 διαμνημονεύει,
1080 2431 1145 2495 ἀλλ’
1169 2431 1229 2497 οὐδ’
1254 2435 1326 2496 ἔνθα
1349 2437 1495 2496 ἀντειπεῖν
1517 2459 1546 2496 τι
1563 2430 1654 2496 αῦτιῦι
1673 2438 1742 2505 δέοι,

484 2527 570 2595 δῆλον
586 2516 668 2593 (ὅτι)
686 2518 767 2588 εἰδιός
784 2516 824 2588 ὡς
841 2520 918 2592 πρός
934 2517 988 2579 τὸν
1006 2520 1129 2594 ἄριστον
1150 2513 1226 2580 οῦτω
1245 2520 1346 2589 [αύτιῦι
1362 2523 1474 2590 Reiske]
1491 2527 1551 2580 τιῦν
1567 2520 1741 2594 φιλοσόφων

483 2602 580 2665 ἔσοιτο
598 2601 629 2673 (ὃ
648 2599 728 2679 άγιόν
743 2606 807 2662 add„
820 2606 968 2674 Oasaub.>·
988 2597 1023 2665 όν
1040 2610 1133 2679 γεκαὶ
1148 2611 1178 2663 Τ.
1191 2611 1296 2665 τοῦτον
1308 2605 1461 2675 ἐπαινέσας
1477 2605 1532 2667 τόν
1543 2603 1657 2678 τρόπον
1670 2603 1740 2680 ἔχει·

637 2714 711 2776 οἷον
732 2716 948 2798 Δημόκριτόν
970 2735 1007 2776 τε
1029 2716 1223 2799 περίφρονα
1247 2719 1395 2795 ποιμένα
1417 2717 1550 2795 μύθων,

639 2816 810 2900 ἀμφίνοον
834 2813 975 2902 λεσχῆνα
997 2817 1082 2895 μετά
1106 2819 1297 2900 πρώτοισιν
1320 2818 1475 2900 ἀνέγνων.

585 2946 620 3000 ol.
637 2946 729 3000 A263
754 2940 818 3002 οἷον
842 2939 1002 3019 Πειρίθοόν
1024 2968 1056 3004 τε
1079 2938 1215 3019 Δρύαντά
1239 2967 1271 3004 τε
1293 2948 1416 3016 ποιμένα
1435 2952 1526 3015 λαῶν;
1554 2949 1636 3005 etiam
1665 2969 1740 3018 μετα

484 3026 643 3103 πρώτοισιν
659 3030 827 3086 homericum
879 3023 1008 3104 άνέγνων
1025 3031 1082 3087 soil.
1099 3032 1129 3086 in
1147 3030 1217 3087 Oreo

1057 3189 1091 3238 47
1109 3188 1164 3250 [10]

585 3269 669 3324 Droo.
686 3269 729 3324 IX
742 3274 774 3323 62
794 3269 979 3339 [Protagoras]
998 3270 1116 3342 πρῶτος
1132 3266 1242 3338 μισθόν
1264 3263 1454 3341 εἰσεπράξατο
1472 3276 1547 3341 μνᾶς
1563 3270 1673 3330 ἑκατόν
1693 3314 1740 3332 ...

482 3356 533 3410 καί
549 3347 646 3425 λόγων
662 3348 779 3426 άγιῦνας
794 3353 953 3421 ἐποινῖσατο
971 3359 1021 3412 καί
1039 3351 1168 3425 σόφισμα
1190 3362 1253 3420 τοῖς
1275 3361 1549 3429 πραγματολογοῦσι
1570 3354 1740 3432 προσήγαγε

482 3441 532 3495 καί
553 3436 605 3494 τάν
627 3433 756 3496 διάνοιαν
776 3436 860 3509 άφείς
877 3435 953 3510 πρὸς
970 3437 1100 3510 τοῦνομα
1124 3441 1254 3512 διελέχθη
1270 3444 1319 3497 καί
1335 3439 1370 3497 τδ
1395 3445 1445 3498 νῦν
1463 3437 1637 3499 ἐπιπόλαιον
1655 3443 1741 3515 γένος

483 3526 544 3578 τῶν
561 3521 713 3596 ἐριστικῶν
729 3521 898 3596 ἐγέννησεν*
909 3521 958 3581 ἵνα
975 3529 1024 3582 καί
1046 3530 1075 3583 Τ.
1094 3529 1162 3598 φησί
1179 3529 1246 3598 περί
1264 3519 1368 3582 αὐτοῦ·

635 3634 868 3717 Πρωταγόρης
889 3624 920 3692 τ’
945 3634 1142 3711 ἐπίμεικτος
1164 3628 1352 3718 ἐριζέμεναι
1374 3633 1413 3695 εύ
1433 3630 1533 3708 εἰδώς

588 3748 601 3798 1
619 3741 768 3812 έπίμικτος
780 3745 874 3811 oodd.;
892 3746 1023 3817 intellego
1042 3747 1183 3816 depugna
1200 3746 1234 3800 cf.
1246 3746 1270 3800 E
1284 3750 1333 3801 566
1351 3741 1396 3816 lo
1407 3745 1647 3819 ἐπιμισγομένων.
1676 3750 1740 3804 soli·

371 3847 376 3854 ·
483 3827 560 3883 tan'is
580 3827 753 3898 philosophis
769 3830 848 3884 volut
864 3829 1004 3885 Heraclito
1022 3830 1158 3899 Pyrrhoni
1180 3830 1291 3886 Philoni
1311 3831 1352 3896 [fr.
1366 3836 1407 3896 56]
1434 3832 1537 3902 opponi
1555 3832 1740 3904 Protagoram

483 3912 639 3982 gregarium
657 3912 808 3983 sophistam
825 3921 906 3984 putat
922 3915 1031 3971 Wilam.
1084 3905 1116 3973 εῦ
1134 3912 1223 3981 εἶδός]
1242 3916 1276 3972 cf.
1294 3917 1451 3988 κελητίζειν
1468 3906 1500 3974 εῦ
1517 3912 1598 3984 εἰδώς
1616 3918 1705 3974 0679

511 4159 513 4162 “
585 4152 670 4207 Droo.
681 4152 723 4208 IX
735 4157 768 4208 64
785 4158 835 4211 καὶ
855 4151 889 4227 δῆ
905 4159 954 4211 καί
972 4073 1247 4227 ζηλωτῗςιῗιὸάλλοὺς
1272 4149 1331 4226 εἶχε
1348 4154 1492 4226 [Pyrrhon]
1515 4157 1565 4226 τῆς
1582 4148 1739 4229 άπραγμο·

483 4231 576 4310 σῦνης,
595 4229 666 4294 ὅθεν
682 4242 732 4295 καί
750 4233 767 4296 δ
790 4244 820 4296 Τ.
838 4244 905 4311 περὶ
927 4235 1017 4298 αῦτοῦ
1037 4257 1122 4312 φησιν
1145 4231 1238 4307 οῦτως
1261 4237 1292 4296 ἐν
1315 4243 1369 4296 τῶι
1386 4234 1503 4296 Πῦδωνι
1521 4259 1538 4290 ε
1555 4259 1572 4290 ε
1589 4259 1607 4291 ε
1623 4244 1686 4297 καί
1703 4238 1740 4298 έν

476 4330 560 4389 ’τοῖς
580 4325 738 4391 Σίλλοις

637 4429 663 4492 ὦ
686 4436 793 4517 γέρον,
817 4431 844 4493 ὦ
866 4433 1022 4517 Πύρρων,
1046 4439 1122 4507 πῶς
1142 4433 1162 4517 ἢ
1187 4434 1300 4494 πόθεν
1322 4429 1455 4495 ἔκδυσιν
1478 4429 1572 4516 εῦρες

637 4529 793 4618 λατρείης
816 4529 923 4610 δοξῶν
947 4527 1006 4617 [τε]
1030 4536 1297 4619 κενεοφροσύνης
1319 4554 1355 4595 τε
1380 4541 1554 4620 σοφιστῶν

587 4649 600 4699 1
624 4645 732 4700 initium
749 4645 916 4702 homericum
968 4641 1080 4704 ἔκδυσιν
1102 4647 1174 4701 ΒΡῑε
1198 4641 1310 4704 ἔκλυσιν
1327 4647 1385 4701 P²F
1454 4652 1470 4701 2
1489 4667 1520 4704 τε
1538 4646 1592 4702 del.
1609 4653 1639 4703 et
1655 4667 1740 4705 κενο·

483 4723 628 4801 φροσῦνης
644 4728 776 4786 librorum
793 4746 862 4786 oorr.
880 4731 987 4787 Usener
