4117 5617
747 542 780 596 Β.
797 542 854 596 FR.
872 545 981 597 oo-oo.
1016 541 1138 597 Σιιιιιιι
1512 542 1573 604 201

895 715 926 765 61
946 714 998 776 [58]

425 796 509 852 Son.
525 797 589 852 adv.
605 796 690 852 math.
706 797 721 850 I
737 800 769 851 53
786 789 923 867 χρειώδης
939 794 1018 853 ἐστίν
1035 789 1052 868 ή
1070 791 1308 868 γραμματιστική.
1326 798 1423 852 καίτοι
1441 789 1521 861 δόξαι
1539 791 1576 852 άν

323 900 397 938 τισιν
417 879 465 938 ἐπὶ
487 885 537 953 τῆς
557 880 690 947 ἐναντίας
713 875 785 938 είναι
808 877 981 952 προλήψεως
1006 876 1023 938 ό
1049 878 1199 955 προφήτης
1221 884 1281 936 των
1306 875 1462 954 Πύρρωνος
1479 876 1576 953 λόγων

327 971 356 1023 Τ.
373 964 406 1023 ἐν
424 961 468 1033 οίς
485 979 565 1039 φησι·
579 960 828 1039 (γραμματική
840 995 875 1005 -
891 960 1052 1035 Κάδμου’.
1089 971 1129 1022 54.
1148 960 1182 1024 οό
1205 964 1262 1039 μήν
1280 959 1372 1032 οἶτως
1389 960 1463 1037 ἔχειν
1480 967 1575 1036 φαίνε-

323 1072 379 1108 ται
413 1049 449 1109 τό
467 1048 524 1124 γὰρ
541 1046 593 1109 ὑπ’
611 1045 700 1109 αότοῦ
717 1045 877 1123 λεγόμενον
894 1048 949 1106 σι’·ιι
966 1047 1026 1109 ἔστι
1039 1056 1174 1111 τοιοῦτον
1190 1048 1256 1108 κατ’
1277 1045 1363 1122 αότής
1380 1055 1429 1123 τῆς
1445 1070 1575 1123 γραμμα-

323 1140 455 1207 τιστικής,
472 1129 547 1195 καθ’
570 1130 605 1208 ήν
621 1132 831 1194 διδάσκεται
853 1130 889 1193 τόι
909 1133 1098 1210 Φοινικικὰ
1121 1131 1261 1208 σήματα
1287 1131 1445 1206 Κάδμου,
1463 1133 1498 1192 τὸ
1518 1127 1575 1191 σό-

323 1222 427 1291 δεμία
452 1218 551 1279 ἐστὶν
572 1214 763 1292 άνασκοπή
786 1213 859 1279 οὐδ’
882 1213 1095 1296 άνάθρησις’
1115 1262 1121 1277 .
1142 1265 1149 1278 .
1169 1260 1176 1275 .
1196 1265 1203 1278 .
1225 1214 1298 1279 όλλοί
1321 1224 1432 1290 μᾶλλον
1458 1224 1575 1277 τοιοῦτο

324 1320 405 1379 φησι·
419 1302 596 1378 ςδιδαχθέντι
619 1303 655 1363 τοὶ
675 1305 823 1364 Φοινικικὰ
848 1305 960 1378 σήματα
985 1301 1103 1374 Κάδμου
1127 1299 1259 1374 οὐδεμιᾶς
1281 1301 1367 1377 άλλης
1388 1300 1469 1378 παρὰ
1487 1303 1576 1362 τοῦτό

323 1387 385 1446 ἐστι
401 1394 599 1462 γραμματικῆς
615 1384 798 1462 ἐπιστροφή,
823 1384 897 1462 ὅπερ
913 1389 1108 1460 καταστρέφει
1126 1383 1179 1448 οόκ
1197 1391 1237 1458 εἰς
1254 1387 1289 1448 τὸ
1302 1384 1455 1464 άχρηστεῖν
1472 1384 1578 1462 ταότην

324 1470 375 1545 τήν
391 1471 424 1530 ἐν
441 1482 503 1540 τοῖς
520 1477 675 1546 στοιχείοις
695 1479 744 1530 καί
761 1479 814 1532 τῶι
836 1470 875 1531 δι’
893 1467 990 1532 αότοίν
1011 1471 1135 1547 γράφειν
1156 1496 1188 1534 τε
1211 1479 1260 1533 καί
1276 1469 1485 1548 άναγινιόσκειν
1501 1480 1576 1532 θεω-

325 1558 464 1631 ρουμένην
481 1551 553 1618 άλλά
576 1557 627 1632 τήν
648 1559 797 1632 πίρπερον
816 1561 865 1615 καί
887 1560 1121 1632 περιεργοτέραν.
1155 1555 1244 1633 ήμὲν
1265 1561 1322 1633 γάρ
1344 1564 1404 1617 τῶν
1426 1560 1578 1632 στοιχείων

322 1649 423 1716 χρήσις
438 1641 556 1716 ἤπειγεν
577 1643 618 1711 είς
642 1641 693 1716 τήν
715 1647 768 1701 τοῦ
787 1646 857 1717 βίου
878 1641 1058 1717 διεξαγωγήν,
1082 1643 1117 1703 τό
1137 1647 1167 1704 δὲ
1188 1642 1226 1716 μή
1245 1639 1400 1716 άρκεῖσθαι
1416 1649 1461 1716 τήι
1477 1642 1511 1701 ἐκ
1527 1649 1577 1717 τῆς

324 1724 550 1801 παρατηρήσεως
567 1723 680 1786 τούτων
696 1722 865 1799 παραδόσει,
882 1725 1149 1799 προσεπιδεικνόναι
1168 1730 1205 1800 δέ,
1229 1724 1269 1797 ιός
1286 1730 1354 1790 τάδε
1370 1730 1425 1799 μέν
1440 1727 1501 1787 ἐστι
1519 1751 1577 1799 φω·

324 1809 429 1872 νάεντα
447 1819 492 1885 τήι
503 1811 594 1886 φάσει,
613 1808 680 1871 τάδε
698 1814 728 1870 δὲ
741 1808 889 1886 σύμφωνα,
906 1816 956 1870 καί
973 1818 1033 1870 τῶν
1045 1814 1221 1885 φωναέντων
1239 1812 1274 1873 τά
1291 1813 1440 1889 μὲνφύσει
1456 1813 1577 1885 βραχέα,

324 1895 360 1956 τό
378 1897 409 1956 δὲ
425 1892 532 1970 μακρά,
559 1895 594 1956 τά
612 1898 643 1955 δὲ
659 1902 780 1971 δίχρονα
802 1901 851 1954 καί
867 1897 951 1954 κοινά
975 1895 1083 1968 μήκους
1104 1904 1202 1957 τεκαὶ
1220 1905 1359 1972 συστολῆς
1379 1903 1429 1957 καί
1445 1896 1578 1957 καθόλου

324 1982 360 2039 τά
379 1980 467 2040 λοιπὰ
484 1987 550 2054 περί
567 1972 609 2042 τόν
627 1982 655 2040 οί
672 1983 866 2056 τετυφωμένοι
888 1987 948 2040 τῶν
965 1987 1174 2056 γραμματικῶν
1197 1980 1379 2042 διδάσκουσιν
1396 1985 1484 2051 [deest
1500 1984 1578 2041 velut

323 2061 468 2136 μάταιον].

477 2161 699 2244 γραμματική,
722 2168 782 2246 τῆς
805 2160 845 2221 οδ
866 2180 919 2234 τις
941 2160 1117 2246 όνασκοπή
1142 2156 1219 2222 οὐδ’
1243 2160 1435 2244 ἀυάθρησις

478 2256 575 2345 ἀνδρί
599 2256 846 2340 διόασκομένωι
869 2263 1046 2325 Φοινικικὰ
1072 2264 1204 2346 σήματα
1228 2258 1380 2340 Κάδμου.

900 2481 932 2531 62
953 2479 1005 2540 [51]

428 2559 511 2617 sm.
530 2560 595 2615 adv.
611 2559 696 2617 moth.
708 2560 763 2616 VH
779 2565 794 2616 9
819 2555 835 2616 ό
857 2560 911 2630 μὲν
933 2557 989 2633 γάρ
1008 2554 1131 2619 Πλάτων
1155 2559 1265 2628 παντός
1281 2560 1388 2634 μέρους
1405 2560 1581 2632 φιλοσοφίας

326 2636 414 2700 αότιῦι
433 2642 556 2710 [Socrati]
575 2647 772 2714 μεταδίδωσιν,
794 2645 918 2715 τοῦμὲν
935 2650 1054 2718 λογικοῦ
1077 2643 1213 2719 παρόσον
1230 2650 1296 2715 περί
1316 2639 1395 2718 όρων
1411 2648 1460 2700 καί
1478 2643 1579 2713 διαιρέ-

326 2749 402 2786 σεων
417 2733 468 2787 καί
488 2727 677 2803 ἐτυμολογίας
700 2733 888 2802 παρεισήκται
910 2732 1012 2802 ζητῶν,
1035 2725 1109 2803 άπερ
1132 2729 1193 2789 ἔστί
1216 2727 1328 2802 λογικά,
1349 2734 1402 2788 τοῦ
1424 2729 1453 2786 δὲ
1476 2721 1580 2798 ήθικοῦ

328 2805 372 2871 ότι
390 2817 457 2887 περὶ
469 2807 573 2886 άρετής
587 2817 636 2871 καί
648 2816 795 2881 πολιτείας
812 2817 861 2873 καί
879 2812 978 2885 νόμων
990 2811 1200 2885 διάσκεπτεται,
1217 2820 1270 2874 τοῦ
1287 2815 1317 2874 δὲ
1328 2819 1450 2887 φυσικοῦ
1469 2804 1514 2872 ότι
1531 2817 1581 2871 καί

326 2904 393 2970 περί
410 2897 523 2969 κόσμου
540 2919 566 2955 τι
584 2903 633 2956 καί
655 2901 721 2968 περὶ
743 2901 916 2972 ζωιογονίας
940 2904 989 2957 καί
1006 2906 1098 2974 ψυχῆς
1116 2893 1357 2973 πεφιλοσόφηκεν.
1394 2894 1478 2956 ἔνθεν
1494 2901 1544 2955 καί
1562 2891 1578 2954 ό

331 2988 359 3040 Τ.
374 2985 499 3044 αἰτιᾶται
516 2981 570 3041 τόν
582 2978 752 3042 Πλάτωνα
771 2980 817 3040 ἐπί
830 2989 881 3040 τῶι
894 2976 971 3042 οότω
982 2987 1175 3054 καλλωπίζειν
1192 2985 1246 3044 τόν
1258 2978 1450 3056 Σωκράτην
1462 2986 1581 3048 πολλοῖς

326 3065 508 3142 μαθήμασιν·
523 3065 559 3141 ιή
575 3062 645 3140 γάρ’
663 3088 731 3139 φησι
745 3066 825 3127 “τόν
843 3062 905 3127 οόκ
922 3068 1101 3127 ἐθέλοντα
1119 3079 1240 3139 μεῖναι
1258 3060 1460 3143 ήθολόγον’.

429 3189 526 3228 vorsus
543 3172 695 3241 recuperan‘
710 3172 760 3225 vix
776 3179 877 3240 potost„
896 3163 913 3245 ή
930 3171 968 3247 δα
986 3169 1041 3229 τόν
1059 3165 1111 3230 οόκ
1123 3169 1233 3229 ἐθέλων
1248 3179 1420 3241 καταμεῖναι
1432 3163 1581 3241 ήθολόγον

326 3257 513 3314 Waehsmuth.
532 3257 670 3313 Socratem
682 3250 829 3329 ήθολόγου
840 3273 964 3313 somam
975 3258 1088 3313 οδδίοκιιι
1105 3263 1196 3326 (quem
1208 3256 1318 3313 dicebat
1328 3256 1478 3326 Epicureus
1489 3254 1581 3320 Zeno),

327 3343 408 3397 Plato
420 3343 519 3398 altiora
530 3344 676 3411 spirontom
689 3343 806 3397 invitum
822 3342 898 3397 facit.
933 3342 1091 3399 dubitanter
1101 3358 1228 3413 propono
1240 3342 1318 3398 volut
1335 3332 1404 3413 ήρε,
1423 3340 1501 3412 φησί,
1518 3338 1581 3396 τόν

328 3420 391 3485 οὐκ
407 3424 583 3486 ἐθέλοντα
600 3423 643 3502 μή
663 3423 756 3484 εἶναι
774 3420 964 3499 ήθολόγον.

848 3601 890 3651 63.
902 3600 936 3652 64
999 3636 1005 3650 .

431 3683 514 3739 Βεττ.
531 3683 595 3738 adv.
612 3681 695 3736 math.
711 3681 754 3734 XI
772 3685 818 3735 141
844 3602 1060 3752 εόδαίμόρνὸγίέίί
1075 3679 1153 3739 ἐστιν
1171 3676 1187 3739 ό
1207 3674 1362 3754 άταράχως
1380 3675 1517 3752 διεξάγων
1533 3681 1582 3736 καί
1636 3666 1639 3671 ’

328 3765 369 3835 ιός
387 3764 484 3841 ἔλεγεν
503 3763 519 3825 ό
541 3772 571 3823 Τ.
590 3765 621 3823 ἐν
638 3763 749 3837 ήσυχίαι
767 3767 816 3821 καί
834 3762 1005 3839 γαληνότητι
1022 3761 1185 3833 καθεστιός·

483 3877 611 3959 πόντηι
633 3875 695 3957 γὰρ
719 3875 833 3953 ἐπεῖχε
856 3872 992 3960 γαλήνη,

328 3959 378 4012 καί

482 4030 540 4090 τόν
564 4018 596 4089 δ’
623 4030 670 4102 ὡς
692 4027 749 4088 οὖν
772 4026 920 4112 ἐνδησία)
944 4028 978 4088 ἐν
1000 4028 1192 4110 νηνεμίηισι
1213 4023 1358 4110 γαλήνης

368 4239 385 4304 ὃ
431 4152 531 4231 ενόησ’
544 4157 619 4224 libri3
638 4159 693 4214 soil.
705 4158 806 4212 Timon
857 4156 892 4211 of.
907 4161 986 4212 2575
1004 4149 1097 4213 τόνδ’
1116 4151 1156 4223 ὡς
1173 4148 1226 4213 οὖν
1237 4152 1335 4227 ἐνδησ’
1351 4147 1514 4224 Εὐαίμονος
1532 4146 1582 4224 άγ-

329 4250 365 4302 λα
387 4265 401 4311 ς
417 4241 479 4310 υίός

852 4365 893 4415 65.
906 4365 938 4414 66
957 4365 1008 4426 [57.
1020 4365 1064 4426 23]

432 4447 517 4506 Sm.
529 4448 593 4502 adv.
605 4446 690 4502 math.
701 4446 742 4501 XI
755 4449 803 4500 111
823 4443 853 4502 αί
870 4444 902 4517 δή
915 4451 1047 4504 τοιαῦται
1058 4441 1225 4518 ὑποσχέσεις
1243 4443 1405 4509 [θτοίοοτυιυ
1418 4442 1512 4512 qualos
1528 4437 1583 4511 μό-

329 4551 380 4596 νος
399 4525 415 4588 ό
435 4525 528 4602 σοφός
550 4526 696 4598 ιιλοόσισς]
719 4528 873 4603 θηρεύουσι
896 4531 950 4600 μὲν
973 4529 1041 4599 τοὺς
1062 4531 1144 4597 νέους
1167 4526 1262 4586 ἐλπίσι
1286 4537 1418 4600 ψυχραῖς,
1441 4519 1536 4585 οόκέτι
1553 4525 1584 4585 δέ

330 4615 402 4673 εἰσιν
419 4611 543 4688 ἀληθεῖς.
578 4612 657 4689 παρὸ
679 4619 727 4675 καί
748 4610 763 4672 ὃ
786 4621 815 4676 Τ.
840 4612 888 4674 ότὲ
909 4617 962 4686 μὲν
984 4612 1052 4683 τοὺς
1073 4612 1337 4687 ἐπαγγελλομένους
1354 4609 1406 4686 τήν
1423 4612 1584 4687 παράδοσιν

330 4693 428 4759 αότιιῖν
445 4697 629 4769 ἐπισκώπτει,
646 4702 738 4773 λέγων
