4117 5617
838 565 870 620 B.
888 565 944 620 m
962 569 1056 620 8-14,
1091 565 1221 620 ΠΑΙΓΝΙΑ
1585 565 1646 624 221

1009 737 1040 788 11

499 820 579 877 sion
597 820 659 877 flor.
679 825 719 890 14,
738 825 769 875 16
788 816 949 893 Κράτητος,
985 823 1020 877 Κ.
1044 819 1112 885 τούς
1138 813 1266 884 κόλακάς
1288 838 1356 890 φησι
1374 838 1648 891 συγκατανευσι·

397 924 681 1061 φαγολτλςισοστσω
699 991 819 1046 Soloneo
834 989 988 1046 imitatione
1006 994 1040 1056 [2‚
1051 994 1077 1054 4]
1095 988 1204 1059 insigne
1220 988 1265 1044 hio
1281 987 1423 1044 collocavi.

743 1266 908 1329 ΥΜΝΟΣ
928 1269 1002 1330 ΕΙΣ
1021 1265 1304 1329 ΚΥΤΕΛΚΙΛΝ,

962 1402 993 1452 12
1012 1402 1038 1462 [2
1049 1398 1091 1460 Β.]

502 1486 567 1537 1-3
592 1479 690 1537 Am.
708 1483 731 1537 Ρ
752 1482 780 1536 Χ
798 1487 847 1537 104
872 1477 1024 1553 Κράτητος
1047 1479 1213 1551 φιλοσόφου
1235 1479 1275 1544 εἰς
1297 1476 1459 1537 Κύτέλειαν.
1493 1488 1596 1551 χαῖρε
1618 1508 1653 1520 ·-

401 1561 579 1625 άσκούσιν.
652 1572 703 1622 11
721 1568 834 1623 lumin.
852 1583 891 1622 or.
910 1571 971 1636 61).
990 1566 1071 1620 1981)
1093 1567 1190 1622 καίτοι
1213 1559 1310 1621 πάσωι
1331 1573 1466 1634 κρεῖττον
1492 1557 1653 1636 άπέχεσθαι

400 1646 584 1711 παντάπασιν
602 1645 713 1722 αὐτῶν,
735 1653 762 1710 εἰ
777 1652 808 1709 όὲ
829 1650 866 1723 μὴ
886 1649 999 1725 ράιόιον
1022 1648 1050 1707 οἱ
1068 1649 1222 1720 Διογένους
1240 1645 1325 1719 νόμοι
1346 1651 1395 1705 καὶ
1415 1644 1565 1721 Κράτητος
1580 1644 1653 1719 ὑπὲρ

400 1731 513 1796 τούτων
530 1733 585 1795 οὐκ
602 1731 772 1807 άτιμαστέοι
784 1730 892 1807 ίἔρωτα
911 1731 970 1794 λύει
987 1730 1082 1804 λιμός,
1101 1729 1139 1792 άυ
1156 1734 1186 1791 δὲ
1203 1730 1309 1792 τούτωι
1325 1735 1451 1805 χρῆσθαι
1468 1732 1506 1803 μὴ
1526 1733 1654 1802 δύνασαι,

399 1817 521 1897 βρόγος’
538 1821 580 1887 [fr.
596 1827 646 1888 14].
677 1816 730 1880 ούιι
749 1817 837 1878 οἶσθα
856 1814 901 1878 ὅτι
919 1824 1010 1878 ταῦτα
1023 1815 1151 1890 ἔπραξαν
1170 1817 1274 1876 ἐκεῖνοι
1292 1822 1344 1875 τῶι
1360 1820 1428 1892 βίων
1440 1815 1566 1885 διδόντες
1584 1813 1655 1876 ὁδὸν

400 1904 557 1973 εύτελείαςς
575 1900 610 1964 ού
628 1903 685 1980 γάρ
702 1904 735 1963 ἐκ
752 1910 811 1964 τῶν
827 1901 1017 1979 μαζοφάγων,
1036 1908 1121 1978 φησὶν
1140 1899 1156 1961 ὃ
1175 1903 1319 1976 Διογένης,
1338 1903 1366 1960 ολ
1377 1897 1522 1977 τύραννοι,
1540 1896 1604 1961 άλλ’
1622 1901 1655 1960 ἐκ

400 1995 460 2049 τῶν
477 1986 669 2048 δειπνούντων
686 1995 856 2057 πολυτελῶς.
891 1995 941 2047 καὶ
959 1985 976 2049 ὃ
996 1986 1111 2063 Κράτης
1131 1989 1231 2060 μέντοι
1253 1991 1410 2062 πεποίηκεν
1432 1978 1523 2058 ῧμνον
1546 1987 1586 2053 εἰς
1602 1986 1655 2058 τὴν

400 2068 568 2133 Κύτέλειαν
588 2085 736 2148 χαῖρε-
750 2069 1011 2148 Σωφροσύνηςῖ
1073 2080 1088 2131 1
1106 2092 1176 2146 resp.
1195 2075 1287 2132 Ουτοι.
1304 2075 1388 2130 Peed.
1405 2074 1449 2129 111
1465 2078 1506 2128 ³5.
1523 2089 1550 2142 p.
1563 2072 1653 2127 27512.

399 2165 450 2218 καὶ
466 2157 518 2227 τὴν
535 2154 689 2219 novettae
706 2158 833 2230 ἐξυμυαῖν
849 2165 899 2234 τῆς
917 2155 1106 2232 σωφροσύνης
1123 2158 1173 2231 τὴν
1191 2155 1321 2233 ἔγγονον.

553 2272 650 2352 χαῖρε
672 2269 740 2330 θεὰ
764 2264 941 2345 δέσποινα,
966 2275 1084 2354 σοφῶν
1107 2264 1238 2352 ἀνδρῶν
1262 2269 1435 2351 ἀγάπημα,

606 2366 759 2445 Εύτελία,
783 2367 913 2454 κλεινῆς
935 2372 1048 2452 ἔγγονα
1069 2372 1309 2455 Σωφροσύνης,

558 2474 618 2557 σὴν
641 2472 762 2557 ἀρετὴν
784 2478 938 2548 τιμῶσιν,
963 2473 1042 2532 όσοι
1063 2473 1104 2533 τὰ
1129 2465 1234 2534 δίκαι)
1260 2472 1429 2533 ἀσκοῦσιν.

505 2605 519 2654 1
538 2593 653 2671 άνόρῶν
669 2593 792 2672 άγαθαλν
809 2592 947 2672 άγάπημα
965 2600 1055 2656 Anth.
1125 2606 1140 2655 2
1159 2595 1284 2658 εὐτέλεια
1303 2601 1366 2656 Iul.:
1385 2601 1526 2670 corrigunt
1536 2591 1657 2668 Εύτελλη

437 2679 537 2757 ἔκγονε
554 2684 638 2740 Anth.
656 2686 753 2752 (Plan.)
822 2689 976 2754 θτιμοῖσιν
992 2685 1081 2740 Plan:
1101 2684 1241 2755 τιμόωσιν
1257 2686 1325 2752 Pal„
1343 2686 1405 2741 Par.
1466 2684 1503 2739 ad
1520 2683 1657 2738 Euteliam

403 2771 463 2824 veni
480 2770 648 2826 dissimiliter
664 2769 785 2826 referunt
802 2770 836 2824 fr.
850 2775 865 2824 5
882 2770 999 2826 initium.

879 3047 1176 3110 ΤΡΑΓΩΙΔΙΑΙ.

959 3182 990 3233 13
1020 3182 1052 3234 15
1064 3179 1095 3233 Β.

506 3261 591 3317 Dnoo.
602 3262 643 3318 VI
655 3266 688 3317 86
707 3263 741 3328 [Α
754 3268 767 3318 1
780 3280 807 3333 p.
819 3268 879 3331 207,
892 3267 917 3331 5]
937 3257 997 3320 ἔστι
1008 3183 1057 3320 λαὶ
1069 3181 1229 3334 ἐάημερὶςύ
1245 3259 1423 3333 θρυλουμένη
1436 3248 1529 3325 οὕτως
1541 3253 1658 3331 ἔχουσα·

559 3371 655 3432 τίθει
675 3372 841 3452 μαγείρων
861 3378 948 3451 μνᾶς
971 3368 1085 3448 όέκ(α),
1110 3373 1232 3455 λατρῶι
1254 3365 1412 3452 δραχμήν,

558 3468 677 3533 κόλακι
699 3469 846 3534 τάλαντα
870 3479 981 3551 πέντε,
1008 3469 1203 3553 συμβούλωι
1224 3474 1364 3546 καπνόν,

560 3575 687 3658 πόρνην
708 3571 882 3657 τάλαντον,
905 3573 1107 3660 φιλοσόφωι
1129 3570 1325 3659 τριώβολον.

511 3842 562 3892 ιι
580 3838 665 3893 οισι.
677 3839 717 3895 vl
728 3843 761 3894 eo
779 3844 852 3907 [post
868 3838 901 3893 fr.
916 3756 1176 3909 1³1Z1ssssooo
1193 3837 1259 3891 inde
1277 3835 1351 3891 sne.
1364 3836 1422 3889 An
1439 3852 1467 3905 p.
1480 3838 1539 3900 ιιι,
1551 3835 1594 3899 21]
1614 3832 1662 3905 φέ-

408 4013 483 4076 [poet
497 4006 531 4062 fr.
544 4012 569 4073 51
593 3997 679 4074 οὗτος
699 4005 732 4064 ἐν
749 4002 848 4074 άλλοις
864 4000 1088 4081 εύθυρρημάνως
1104 4003 1210 4080 γράφει
1233 4010 1281 4077 τῆς
1303 4004 1345 4070 εἰς
1362 4001 1398 4062 τά
1417 4000 1572 4076 άφροόύσια
1591 3997 1662 4062 άιια·

407 4092 549 4164 τασχέτου
569 4087 660 4166 ὁρμῆς
674 4087 869 4163 κατάπλασμα
888 4088 960 4150 εἶναι
977 4091 1070 4162 λιμόν,
1090 4092 1117 4149 εἰ
1127 4091 1156 4148 δὲ
1166 4088 1204 4162 μὴ
1216 4087 1338 4163 βρόχον.
1365 4090 1417 4145 Iul.
1431 4106 1470 4145 or.
1483 4090 1523 4146 VI
1539 4105 1567 4158 p.
1581 4088 1661 4143 1981)

409 4177 438 4235 οὶ
460 4178 615 4250 Διογένους
637 4173 796 4249 νόμοσκαὶ
820 4172 971 4250 Κράτητος
1001 4171 1075 4246 ὑπὲρ
1103 4174 1214 4233 τούτων
1242 4169 1295 4231 ουίι
1322 4169 1505 4242 άτιμαστὲοι·
1529 4168 1662 4244 ιἔρωτα

409 4258 483 4321 λύει
500 4258 613 4332 λιμός,
631 4259 674 4321 άν
691 4264 727 4320 δὲ
743 4258 871 4321 τούτωι
888 4264 1045 4333 χρῆσθαι
1062 4256 1104 4331 μὴ
1123 4255 1286 4325 δύνασαι,
1302 4253 1463 4332 βράχος’.
1497 4256 1662 4313 Ampe.

408 4348 451 4404 IX
462 4352 513 4403 417
527 4342 679 4419 Κράτητος
695 4346 736 4413 εἰς
747 4341 842 4416 ἔρωτα
855 4340 989 4416 ιἔρωτα
1001 4375 1036 4385 -
1045 4338 1202 4416 χρόνος’,
1221 4351 1279 4399 tum
1292 4345 1475 4417 aByzantino
1487 4342 1662 4412 amplificata,

408 4439 442 4488 nt
457 4433 576 4498 videtur,
594 4432 663 4488 haee
679 4429 731 4490 ἐὰν
749 4431 779 4488 όὲ
795 4431 864 4503 μηδὲ
881 4434 972 4488 ταῦτα
990 4425 1043 4501 τὴν
1055 4424 1151 4502 φλόγα
1163 4429 1271 4501 σβέσηι,
1289 4431 1434 4502 θεραπεία
1447 4446 1494 4485 σοι
1506 4423 1542 4484 τὸ
1560 4423 1664 4484 λοιπὸν

408 4511 545 4589 ἤρτάσθω
562 4511 675 4591 βρόχος
693 4515 779 4585 [quod
796 4516 961 4572 emendabat
976 4513 1071 4584 Bergk
1088 4508 1257 4584 θεράπευμά
1277 4533 1323 4570 σοι
1341 4512 1376 4571 τό
1395 4518 1518 4570 λοῖσθον
1534 4515 1604 4576 κτλ]

563 4627 673 4709 ἔρωτα
698 4626 802 4686 παύει
824 4621 932 4702 λιμός,
956 4626 988 4685 ελ
1011 4619 1047 4685 δὲ
1069 4624 1126 4706 μή,
1147 4624 1282 4706 χρόνος·

565 4727 625 4788 ἐὰν
648 4721 684 4787 δὲ
707 4727 843 4800 τούτοις
865 4728 910 4812 μὴ
934 4721 1030 4808 δύνηι
1050 4725 1212 4810 χρῆσθαι,
1235 4725 1367 4809 βρόχος,
