4117 5617
400 570 610 627 emoneo.
645 571 817 626 loslllloi.
851 575 893 625 71.
905 573 938 624 72
956 568 1101 659 locum.
1138 575 1239 626 73-79
1256 570 1435 627 PEDESTR.
1511 567 1573 630 205

739 795 851 858 ΠΕΡΙ
870 793 1156 857 ΑΙΣΘΗΣΕΩΝ.

892 929 908 979 4
956 965 963 979 .

423 1012 508 1067 Droo.
520 1011 562 1066 1x
576 1015 624 1066 105
642 1016 691 1068 καί
708 1007 744 1067 ἐν
761 1019 840 1077 τοῖς
852 928 1162 1082 Πτερῐύαῖῗθήσεῶν
1179 1028 1248 1082 φησι
1260 1004 1317 1068 ζτό
1335 1010 1414 1079 μέλι
1427 1000 1482 1067 ότι
1501 1005 1575 1067 ἔστι

322 1094 445 1171 γλυκύ,
464 1090 502 1155 ού
520 1098 654 1168 τίθημι,
672 1089 754 1153 τόδ’
774 1086 828 1154 ότι
845 1098 1026 1168 φαίνεται,
1046 1088 1235 1167 ὁμολογῶ).

684 1424 809 1488 ΠΡΟΣ
832 1423 953 1486 ΤΟΥΣ
975 1423 1217 1486 ΦΥΣΙΚΟΥΣ.

879 1560 893 1608 7
960 1595 966 1608 .

425 1640 507 1697 sim.
524 1639 588 1696 adv·
606 1639 776 1697 mannuli
795 1643 844 1696 καί
865 1558 1021 1712 γὰὸρᾞῖθῖ]
1041 1636 1078 1695 ἐν
1095 1647 1173 1704 τοῖς
1191 1634 1286 1709 Πρός
1304 1636 1387 1705 τούς
1404 1635 1576 1711 φυσικούς

323 1729 411 1785 τοῦτο
428 1719 555 1796 ύπίλαβε
572 1728 631 1783 δεῖν
648 1723 679 1782 ίν
696 1720 824 1795 πρώτοις
835 1727 940 1796 ζητεῖν,
957 1727 1028 1796 φημί
1047 1723 1076 1781 δὲ
1087 1719 1122 1780 τό
1142 1722 1169 1781 εί
1180 1721 1211 1791 ἐξ
1226 1717 1394 1790 ύποθίσειός
1406 1744 1434 1781 τι
1445 1723 1576 1796 ληπτέον.

429 1980 511 2036 Snxn.
528 1979 592 2034 adv.
609 1978 733 2034 moth.X
751 1983 799 2034 197
824 1976 861 2035 ἐν
878 1897 1079 2051 όίῖιύρρεῖύ1γόρ
1094 1975 1206 2050 χρόνοι
1225 1971 1576 2049 ούδὲνπίφνκεγίνε-

324 2069 409 2121 σθαι
424 2057 611 2137 μεριστόν,
634 2056 674 2129 ὥς
692 2082 759 2136 φησι
781 2068 819 2130 ll,
838 2058 903 2120 οἷον
920 2061 954 2120 τό
974 2065 1108 2134 γίνεσθαι
1131 2066 1180 2118 καί
1197 2058 1232 2119 τό
1256 2063 1430 2134 φθείρεσθαι
1453 2065 1502 2118 καί
1519 2065 1578 2118 πᾶν

326 2142 342 2205 ὃ
360 2143 474 2215 τούτοις
491 2143 593 2206 ἔοικεν.
627 2148 704 2202 Innsr
714 2148 756 2203 VI
767 2152 799 2203 66
817 2146 850 2205 ἐν
867 2142 970 2219 όμερεῖ
985 2146 1039 2216 μὲν
1056 2143 1113 2219 yolo
1132 2140 1214 2204 οὐδὲν
1231 2141 1355 2225 Ϊδύναται
1376 2148 1510 2219 γίνεσθαι
1526 2165 1577 2215 με·

325 2226 434 2306 ριστόν,
451 2224 491 2300 τός
508 2252 577 2305 φησι
598 2237 638 2299 T„
656 2227 722 2290 οἷον
739 2229 774 2290 τό
792 2236 935 2305 γίνεσθαι,
953 2230 988 2290 τό
1006 2234 1191 2304 φθείρεσθαι.
1221 2234 1325 2288 ineerta
1342 2233 1498 2288 oonieotura
1514 2230 1578 2286 huio

323 2314 394 2372 libro
411 2315 509 2372 tribuit
525 2317 713 2373 Waohsmuth.

860 2558 1036 2621 ΠΥΘΩΝ.

878 2694 910 2743 77
932 2696 967 2760 [p.
980 2695 1022 2755 28]

425 2773 604 2828 Anneocnns
623 2774 684 2842 §14
702 2773 766 2838 [Ao
784 2789 812 2842 p.
826 2777 883 2841 178,
895 2779 921 2838 4]
943 2775 959 2832 ό
979 2796 1012 2847 γε
1029 2774 1085 2848 μὴν
1101 2781 1130 2834 Τ.
1148 2773 1184 2833 ἐν
1202 2779 1265 2832 uois
1284 2770 1425 2831 Πύθωνι
1444 2776 1579 2845 διηγεῖται

324 2853 439 2928 μακρόν
447 2877 511 2915 τινα
520 2859 692 2924 κατατείνας
701 2855 800 2929 λόγον,
816 2852 856 2925 ὡς
866 2856 981 2931 ἐντύχοι
993 2864 1046 2917 τῶι
1057 2857 1188 2932 Πύρρωνι
1199 2859 1348 2933 βαδίζοντι
1361 2860 1486 2915 Πυθοῖδε
1499 2856 1580 2928 παρὰ

324 2938 359 3001 τό
372 2940 453 3014 ἱερόν
463 2938 498 3000 τό
512 2946 565 3000 τοῦ
575 2938 751 3014 Ἀμφιαράου
764 2945 814 2999 καὶ
825 2944 891 2999 τίνα
904 2947 1080 3016 διαλεχθεῖεν
1092 2937 1225 3016 ἀλλήλοις
1239 2989 1244 3001 .
1258 2987 1264 3000 .
1278 2989 1284 3000 .
1322 2948 1353 2998 15
1366 2936 1455 3008 αύτός
1466 2961 1497 2999 τε
1509 2940 1580 3000 ἐκεῖ·

324 3047 375 3095 νος
394 3026 410 3085 ό
428 3024 598 3099 θαυμαστός
616 3021 739 3100 Πύρρων
757 3018 815 3098 ἆρύ
833 3047 866 3099 γε
883 3024 952 3100 ηἰδει
971 3023 1040 3086 τότε
1058 3029 1130 3087 διότι
1147 3031 1263 3103 βαδίζοι
1277 3022 1370 3086 Πύθια
1388 3021 1581 3096 θεασόμενος,

324 3108 343 3184 ἢ
359 3110 495 3183 καθάπερ
513 3111 542 3170 oi
557 3107 718 3183 μεμηνότες
728 3109 875 3170 ἐπλανᾶτο
894 3109 969 3171 κατὰ
982 3111 1035 3185 τὴν
1048 3108 1132 3184 όδόν,·
1148 3109 1232 3185 ἡνίκα
1250 3106 1277 3170 δ’
1289 3110 1396 3185 ἤρξατο
1408 3121 1580 3184 κατηγορεῖν

325 3202 385 3256 τῶν
401 3192 567 3270 ἀνθρώπων
582 3199 632 3252 καί
649 3199 699 3268 τῆς
716 3187 820 3263 όνοίας
838 3190 941 3264 αὐτῶν,
964 3201 1066 3270 φαῖμεν
1083 3193 1172 3256 αύτόν
1194 3193 1286 3270 οίληθῆ
1309 3196 1402 3269 λέγειν
1422 3191 1440 3268 ἢ
1457 3197 1509 3267 μή,
1531 3200 1581 3253 καὶ

325 3280 382 3342 τόν.
399 3285 516 3352 Τίμωνα
533 3286 640 3338 παθεῖν
658 3301 689 3340 τε
706 3283 756 3337 καί
773 3283 1008 3353 σνγκαταθέσθαι
1027 3293 1090 3351 τοῖς
1106 3281 1206 3356 λόγοις
1222 3279 1240 3355 ἢ
1257 3279 1295 3355 μη
1314 3281 1468 3352 προσέχειν
1472 3310 1483 3352 ,·

427 3367 554 3437 dialogus
570 3366 625 3422 fuit
646 3382 798 3435 apersone
814 3367 974 3437 appellatus,
997 3370 1042 3424 oui
1059 3369 1159 3425 limon
1182 3383 1321 3425 sermones
1344 3366 1410 3421 olim
1432 3383 1494 3422 oum
1511 3367 1581 3438 Pyr·

325 3453 411 3509 rhono
427 3452 553 3522 Delphos
570 3452 689 3520 potituro
708 3450 792 3521 Oropi
809 3451 921 3508 habitos
938 3455 1051 3509 rettulit
1087 3454 1219 3524 Oropium
1237 3450 1436 3521 Amphiareum
1448 3450 1580 3507 Wilarno·

325 3538 389 3594 witz
401 3544 473 3593 reote
484 3537 586 3592 dietum
600 3536 693 3592 eredit.
717 3552 780 3590 narn
790 3537 892 3608 Pytlrin
903 3555 935 3593 oo
946 3538 1082 3610 Pythonis
1092 3540 1183 3608 ipsum
1195 3552 1297 3593 nomen
1308 3535 1426 3591 suadent
1435 3552 1480 3592 res
1491 3552 1581 3592 saorns

325 3623 419 3692 aliquo
445 3625 475 3676 in
501 3621 642 3692 dialogum
664 3628 805 3677 momento
831 3623 925 3679 fuisso.
959 3630 1105 3695 propterea
1128 3621 1333 3679 oeleberrimunr
1355 3621 1507 3687 oraculum,
1524 3638 1581 3677 non

326 3707 481 3764 obsoletum
498 3706 662 3776 Amphiarai
679 3707 852 3777 gurgustium
870 3708 946 3776 quod
961 3707 1093 3764 Phliunte
1109 3708 1164 3763 fuit
1181 3708 1271 3774 (Peos.
1283 3706 1313 3760 H
1326 3709 1366 3773 13,
1379 3710 1413 3772 7),
1431 3705 1581 3776 significari

325 3792 498 3848 verisimile
533 3807 631 3847 soenes
653 3793 756 3846 veritas
778 3797 807 3847 et
828 3809 890 3848 oum
911 3793 1037 3847 Timonis
1058 3792 1119 3848 vito
1141 3792 1283 3848 consensio
1305 3807 1323 3846 a
1346 3790 1451 3860 dialogi
1472 3791 1582 3847 lieentia

325 3878 434 3947 poelioa
450 3877 546 3933 alienu
580 3877 708 3931 nimirum
724 3883 853 3945 poterant
875 3878 961 3933 multo
983 3877 1055 3946 fingi
1073 3876 1109 3931 od
1129 3877 1228 3932 itinera
1245 3875 1369 3933 Timonis
1392 3882 1421 3931 et
1431 3876 1581 3948 Pyrrhonis

326 3961 495 4031 explicando
522 3959 598 4031 quod
616 3960 651 4015 de
664 3964 781 4017 Πυθῶνι
798 3963 847 4028 [sio
864 3964 935 4016 onim
948 3962 1052 4030 ubique
1063 3961 1232 4032 obloquente
1249 3960 1281 4016 ir.
1295 3967 1327 4016 79
1345 3961 1508 4031 corrigebat]
1526 3963 1544 4017 i.
1557 3979 1580 4017 ε.

326 4040 429 4116 templo
440 4046 584 4116 Delphico,
603 4045 707 4116 dialogi
724 4061 806 4101 εοεαε
822 4052 851 4102 ot
867 4047 987 4111 nomine,
1005 4047 1123 4102 coniecit
1135 4045 1241 4102 Gerolro
1257 4046 1302 4101 De
1313 4045 1439 4116 φαίδιιεδ,
1451 4046 1485 4100 L.
1498 4045 1580 4117 Diog.

326 4133 397 4186 uuot.
416 4130 599 4202 Gryph.1899
616 4147 644 4200 p.
656 4134 696 4198 28,
716 4129 783 4184 mihi
800 4146 857 4185 non
874 4131 1017 4199 persuasit.
1058 4129 1092 4185 ef.
1111 4131 1264 4187 Addendol

882 4303 915 4354 78
935 4306 972 4369 [p.
984 4302 1027 4364 ²81

429 4384 622 4440 Dronlxol.
651 4384 687 4440 ef.
699 4384 733 4439 fr.
746 4388 788 4441 48.

429 4638 568 4694 Droo.IX
580 4643 611 4694 67
631 4642 705 4708 (post
727 4637 852 4707 exempla
873 4556 1045 4692 όόσόύειύόύε
1066 4635 1226 4708 Pyrrhonis)
1244 4641 1294 4694 καί
1314 4632 1329 4696 ὃ
1353 4642 1382 4694 Τ.
1400 4637 1430 4695 δὲ
1447 4641 1583 4708 διασαφεῖ

328 4719 380 4794 τὴν
396 4719 526 4781 διάθεσιν
543 4718 641 4789 αὐτοῦ,
658 4719 690 4779 ἐν
708 4717 752 4789 οἷς
769 4719 860 4795 πρός
879 4719 1029 4780 Πύθωνα
1049 4721 1181 4789 διέξεισιν.
