4117 5617
487 520 529 617 8ο
970 553 1256 611 smmis

488 733 610 812 λοιμοῦ
637 729 693 795 διά
721 733 782 806 τάς
811 732 966 793 ἀπὸτοῦ
987 725 1238 815 παρακειμένου
1262 733 1422 805 ποταμοῦ
1443 722 1627 801 δυσωδίας,
1656 725 1745 787 ὥστε

487 837 544 896 καὶ
567 836 688 909 αύτούς
711 834 928 919 φθείρεσθαι
949 834 1005 895 καὶ
1027 834 1089 908 τάς
1107 836 1265 914 γυναῖκας
1281 828 1463 906 δυστοκεῖν,
1487 831 1671 913 ἐπινοῆσαι
1685 830 1745 890 τόν

485 930 711 1015 Ἐμπεδοκλέα
734 932 866 998 καὶδύο
883 936 978 1010 τινάς
993 936 1170 1012 ποταμούς
1185 931 1252 996 τῶν
1269 937 1424 1015 σύνεγγυς
1439 933 1621 1012 ἐπαγαγεῖν
1638 926 1746 1004 ίδίαις

490 1035 675 1112 δαπάναις·
704 1039 761 1099 καί
788 1034 1018 1116 καταμίξαντα
1047 1033 1205 1121 γλυκῆναι
1230 1037 1272 1097 τὰ
1300 1036 1459 1119 ῥεύματα.
1506 1034 1593 1093 ούτω
1624 1027 1663 1117 δη
1689 1029 1745 1116 λῆ-

459 1137 608 1217 5ξαντος
630 1147 692 1201 τοῦ
712 1137 835 1218 λοιμοῦ
853 1137 999 1201 καὶτῶν
1020 1135 1262 1200 Σελινουντίων
1285 1129 1524 1214 εὐωχουμένων
1547 1136 1632 1197 ποτὲ
1648 1136 1744 1219 παρά

490 1241 554 1305 τῶι
576 1240 747 1320 ποταμῶι,
771 1243 981 1327 ἐπιφανῆναι
1003 1244 1062 1304 τόν
1080 1229 1323 1318 Ἐμπεδοκλέα·
1348 1240 1426 1315 τούς
1443 1225 1475 1299 δ’
1495 1232 1746 1313 ἐξαναστάντας

489 1349 691 1430 προσκυνεῖν
719 1346 776 1407 καί
805 1345 1062 1429 προσεύχεσθαι
1089 1343 1283 1427 καθαπερεί
1311 1339 1410 1405 θεῶι.
1455 1342 1579 1424 ταύτην
1602 1339 1660 1402 οὖν
1683 1340 1745 1400 θέ-

491 1444 591 1508 λοντα
614 1444 804 1527 βεβαιῶσαι
826 1447 886 1531 τῆν
911 1441 1078 1529 διάληψιν
1101 1446 1151 1518 είς
1173 1445 1210 1505 τδ
1235 1451 1302 1528 πῦρ
1326 1441 1521 1505 ἐναλέσθαι.
1609 1443 1796 1516 τούτοις71

460 1547 462 1551 ’
491 1539 523 1611 δ’
550 1551 761 1610 ἐναντιοῦται
786 1550 931 1625 Τίμαιος
947 1540 1083 1629 [σΗσΙ
1099 1547 1161 1607 218
1184 1542 1220 1607 ir.
1237 1540 1289 1628 98]
1313 1544 1425 1630 ῥητῶς
1446 1543 1550 1627 λέγων
1566 1547 1613 1620 ὡς
1628 1540 1747 1622 ἐξεχώ-

438 1661 467 1712 10
489 1667 590 1735 ρησεν
624 1652 673 1725 εἰς
700 1647 966 1732 Πελοπόννησον
998 1649 1055 1710 καί
1088 1650 1126 1709 τὸ
1161 1646 1300 1710 σύνολον
1329 1649 1387 1710 ούκ
1416 1644 1627 1731 ἐπανῆλθεν·
1662 1648 1747 1709 ὅθεν

490 1754 595 1815 αύτοῦ
622 1753 679 1813 καὶ
708 1753 768 1837 την
794 1748 948 1837 τελευτην
977 1747 1103 1835 άδηλον
1132 1748 1229 1812 εῖναι.
1274 1752 1362 1835 πρός
1393 1745 1429 1811 δέ
1451 1751 1509 1811 τόν
1528 1741 1747 1832 Ἡρακλείδην

488 1855 545 1916 καὶ
578 1851 615 1930 ἐξ
648 1856 814 1932 ὀνόματος
847 1859 1001 1915 ποιεῖται
1033 1854 1093 1938 τῆν
1126 1853 1322 1937 ἀντίρρησιν
1355 1854 1390 1914 ἐν
1423 1859 1480 1936 τῆι
1512 1835 1561 1914 ιδ·
1600 1853 1748 1936 Συρακό-

491 1960 565 2019 σιόν
587 1978 623 2019 τε
645 1958 707 2041 γάρ
732 1954 820 2018 εἷναι
841 1958 900 2018 τόν
914 1957 1146 2019 Πεισιάνακτα
1169 1957 1226 2017 καί
1252 1956 1354 2041 ἀγρόν
1377 1955 1434 2016 ούκ
1456 1955 1543 2031 ἔχειν
1570 1956 1604 2015 ἐν
1627 1943 1746 2040 Ἀκρά-

489 2074 600 2140 γαντι·
615 2059 817 2121 Παυσανίαν
832 2078 868 2119 τε
883 2063 1046 2142 μνημεῖον
1061 2052 1137 2140 (ἂν)
1151 2062 1378 2142 πεποιηκέναι
1388 2063 1451 2118 τοῦ
1460 2053 1572 2140 φίλου,
1589 2060 1746 2120 τοιούτου

439 2169 467 2220 15
490 2157 714 2235 διαδοθέντος
744 2158 856 2241 λόγου,
884 2161 903 2245 ῆ
934 2158 1142 2242 ἀγαλμάτιόν
1171 2161 1245 2246 τιῆ
1271 2162 1372 2244 σηκὸν
1396 2159 1451 2222 οἱα
1474 2160 1573 2221 θεοῦ·
1603 2160 1745 2241 καὶγὰρ

489 2260 655 2325 πλούσιον
685 2261 781 2324 εἶναι.
824 2254 1018 2340 πῶςοδν,
1052 2265 1169 2348 φησίν,
1201 2265 1251 2338 είς
1279 2264 1358 2338 τούς
1380 2269 1549 2347 κρατῆρας
1570 2258 1676 2346 ῆλατο
1700 2261 1747 2324 ῶν

491 2367 646 2447 σύνεγγυς
668 2366 775 2426 όντων
798 2359 875 2425 ούδέ
897 2367 1015 2443 μνείαν
1039 2368 1124 2428 ποτὲ
1147 2367 1336 2450 ἐπεποίητο
1344 2387 1356 2439 ,·
1377 2361 1607 2448 τετελεύτηκεν
1631 2363 1689 2427 ούν
1711 2365 1747 2425 ἐν

488 2466 767 2550 Πελοποννῆσωι.
849 2462 945 2528 οὐδὲν
961 2464 997 2530 δέ
1013 2466 1209 2553 παράδοξον
1225 2471 1336 2554 τάφον
1352 2471 1457 2530 αὐτοῦ
1469 2469 1513 2552 μῆ
1539 2463 1745 2549 φαίνεσθαι·
1759 2464 1797 2524 72

488 2564 573 2652 μηδὲ
595 2570 658 2653 γάρ
678 2565 789 2629 ἀλλων
804 2561 959 2631 πολλῶνῖ
999 2573 1139 2633 τοιαῦτά
1155 2592 1230 2632 τινα
1248 2573 1355 2633 εἰπὼν
1371 2572 1391 2631 ό
1408 2571 1553 2648 Τίμαιος
1569 2569 1745 2651 ἐπιφέρει·

438 2680 468 2730 20
487 2662 592 2731 “ἀλλο“ι
616 2666 672 2732 διά
700 2673 829 2744 παντός
851 2673 944 2733 ἐστιν
962 2663 1179 2758 Ἡρακλείδης
1201 2680 1356 2747 τοιοῦτος
1378 2667 1666 2757 παραδοξολόγος,
1690 2669 1747 2729 καί

489 2774 524 2832 ἐκ
540 2780 599 2857 τῆς
616 2770 755 2856 σελῆνης
770 2778 987 2837 πεπτωκέναι
1003 2777 1192 2860 ἄνθρωπον
1209 2767 1330 2857 λέγων’
1367 2765 1571 2855 Ἱππόβοτος
1588 2768 1624 2834 δέ
1641 2787 1747 2856 φησιν

490 2876 544 2934 ότι
566 2869 706 2959 ἀνδριάς
728 2873 1009 2957 ἐγκεκαλυμμένος
1026 2868 1289 2956 Ἐμπεδοκλέους
1312 2878 1419 2939 ἔκειτο
1441 2879 1609 2961 πρότερον
1630 2875 1747 2952 μὲνέν

485 2966 698 3059 Ἀκράγαντι,
721 2978 862 3063 ὕστερον
886 2975 921 3040 δὲ
944 2982 1012 3064 πρό
1036 2987 1098 3042 τοῦ
1115 2971 1286 3058 Ῥωμαίων
1309 2976 1547 3064 βουλευτηρίου
1572 2974 1747 3060 ἀκάλυφος

490 3074 646 3161 δηλονότι
660 3081 878 3157 μεταθέντων
895 3082 996 3143 αὐτὸν
1011 3083 1084 3143 ἐκεῖ
1091 3073 1271 3160 Ῥωμαίων.
1300 3083 1451 3168 γραπταὶ
1466 3081 1603 3164 μὲνγὰρ
1621 3080 1748 3153 εἰκόνες

437 3189 467 3239 25
488 3181 545 3241 καί
574 3187 630 3242 νῦν
660 3187 915 3269 περιφέρονται.
961 3184 1124 3268 Νεάνθης
1150 3177 1181 3246 δ’
1207 3185 1226 3244 ό
1249 3180 1433 3269 Κυζικηνός
1456 3185 1474 3244 ό
1497 3184 1553 3244 καὶ
1576 3183 1657 3266 περὶ
1680 3189 1747 3244 τῶν

488 3283 739 3369 Πυθαγορικῶν
754 3288 862 3348 εἰπών
880 3302 966 3371 φησι
983 3279 1173 3367 [FHGms
1189 3280 1285 3370 fr.22]
1303 3287 1470 3360 Μέτωνος
1485 3282 1747 3369 τελευτησαντος

488 3381 685 3469 τυραννίδος
708 3387 810 3473 ἀρχῆν
831 3389 1072 3471 ὑποφύεσθαι·
1102 3387 1175 3452 εἷτα
1199 3391 1257 3452 τὸν
1275 3382 1500 3467 Ἐμπεδοκλέα
1524 3393 1646 3449 πεῖσαι
1668 3389 1747 3462 τούς

485 3477 763 3571 Ἀκραγαντίνους
785 3491 994 3552 παύσασθαι
1011 3493 1073 3569 μέν
1088 3500 1155 3553 τῶν
1172 3493 1333 3566 στάσεων,
1358 3492 1498 3575 ἰσότητα
1516 3487 1551 3553 δὲ
1568 3488 1747 3575 πολιτικῆν

490 3589 613 3650 ἀσκεῖν.
700 3592 752 3651 ἐτι
780 3611 816 3652 τε
845 3589 976 3666 πολλάς
1002 3600 1069 3655 τῶν
1099 3590 1286 3656 πολιτίδων
1314 3594 1501 3680 ἀπροίκους
1526 3589 1798 3678 ύπαρχούσας73

436 3697 467 3747 30
489 3692 590 3751 αὐτόν
618 3692 798 3775 προικίσαι
825 3690 881 3756 διά
912 3696 970 3755 τόν
993 3698 1147 3780 παρόντα
1171 3692 1332 3758 πλοῦτον·
1363 3692 1416 3758 διδ
1441 3693 1479 3781 δῆ
1505 3698 1688 3781 πορφύραν
1710 3714 1746 3757 τε

489 3790 670 3872 ἀναλαβεῖν
693 3794 794 3855 αύτδν
815 3796 872 3857 καί
896 3800 1061 3882 στρόφιον
1083 3799 1280 3861 ἐπιθέσθαι
1300 3806 1453 3883 χρυσοῦν,
1477 3801 1524 3873 ὡς
1545 3798 1748 3881 Φαβωρῖνος

488 3896 523 3954 ἐν
536 3884 906 3977 Ἀπομνημονεύμασιν,
923 3901 975 3961 έτι
990 3896 1024 3960 τ’
1041 3901 1189 3981 ἐμβάτας
1203 3897 1327 3979 χαλκάς
1342 3903 1398 3962 καί
1418 3905 1548 3979 στέμμα
1564 3897 1746 3984 Δελφικόν.
1802 3954 1806 3959 .

488 3998 572 4078 κόμη
604 4016 640 4057 τε
661 3991 701 4079 ῆν
731 3999 838 4061 αύτῶι
863 4002 991 4082 βαθεῖα
1020 4004 1077 4064 καί
1107 3999 1230 4077 παῖδες
1257 4000 1459 4066 ἀκόλουθοι·
1487 4005 1544 4065 καὶ
1568 4003 1668 4077 αύτδς
1692 4002 1747 4063 ἀεὶ

490 4098 697 4182 σκυθρωπός
719 4091 777 4185 ἐφ’
797 4103 872 4177 ένδς
893 4105 1063 4187 σχῆματος
1077 4100 1126 4188 ῆν.
1165 4111 1319 4179 τοιοῦτος
1336 4102 1374 4191 δη
1392 4108 1541 4191 προῆιει,
1564 4112 1631 4167 τῶν
1647 4101 1747 4166 πολι-

435 4208 466 4259 35
488 4209 555 4263 τῶν
574 4203 777 4280 ἐντυχόντων
792 4205 848 4264 καὶ
864 4212 963 4266 τοῦτο
977 4202 1196 4282 ἀξιωσάντων
1212 4207 1318 4268 οἱονεί
1332 4205 1510 4288 βασιλείας
1526 4209 1618 4282 τινός
1634 4210 1747 4291 παρά-

589 4405 756 4472 4γλυκῆναι
768 4401 828 4456 BF:
842 4399 981 4484 γλυκύναι
993 4404 1041 4486 ij
1059 4401 1197 4477 γλοκάναι
1208 4406 1245 4459 1³²
1297 4407 1361 4464 sir
1431 4410 1673 4481 8διαβεβαιῶσαι
1686 4406 1746 4462 FP¹

487 4479 720 4556 9ἐξεῶρησενΒ
801 4492 831 4542 12
850 4493 878 4545 ιδ
894 4489 1001 4558 scripsi:
1019 4494 1037 4546 ό
1052 4489 1116 4546 libri
1199 4495 1231 4547 14
1249 4485 1286 4549 ἀν
1303 4491 1367 4547 εδδ.
1386 4490 1415 4547 O.
1428 4491 1526 4548 Miller
1596 4495 1626 4547 16
1645 4482 1688 4548 ὧν
1706 4486 1747 4559 ῶς

487 4575 516 4625 et
534 4573 564 4623 17
584 4573 739 4642 πεποίηται
760 4573 856 4630 inscite
878 4573 968 4630 Cobet
1059 4579 1089 4629 19
1109 4566 1173 4632 οὐδὲ
1195 4576 1340 4645 scripserat
1361 4576 1490 4633 Timaeus
1583 4581 1616 4631 24
1635 4572 1747 4646 είκάνες

488 4652 579 4708 Sturz:
597 4654 651 4711 εἰσι
669 4655 744 4722 τινὲς
760 4657 823 4712 libri
893 4663 925 4713 34
944 4649 977 4728 ἦν
996 4653 1178 4732 σχήματοςΕ
