4117 5617
748 572 849 628 TEST.
865 574 985 631 VITAE
1001 578 1113 629 29-33.
1523 571 1562 630 31

308 732 428 812 ἀλληά
445 737 489 805 [fr.
500 743 544 804 36]
563 733 598 798 οὗ
614 735 689 799 κατά
708 737 761 814 τήν
777 735 899 815 ἠρεμίαν
915 740 967 817 τήν
978 737 1173 816 ἐπικειμένην
1190 747 1233 815 τήι
1253 737 1362 815 κινήσει
1378 741 1476 811 μένειν
1493 734 1565 800 αότό
1583 732 1587 740 ’

308 823 385 891 [DEt
402 816 495 882 αάτόν
509 824 579 890 E⁸Fl
597 845 690 898 φησιν,
707 819 780 886 ἀλλὰ
797 824 872 887 κατὰ
890 828 945 902 τήν
960 824 1021 887 ἀπὸ
1033 824 1173 902 κινήσεως
1188 831 1237 885 καί
1254 821 1567 900 ήρεμίαςέξηιρημένην

307 929 408 982 μονην.

412 990 561 1061 Νικόλαος
582 994 613 1053 δέ
631 989 649 1053 ό
671 996 862 1068 Δαμασκηνός
883 992 924 1064 ὣς
945 994 1139 1071 ἄπειρονκαὶ
1161 991 1299 1070 ἀκίνητον
1316 995 1455 1068 λέγοντος
1475 989 1599 1054 αότοῦθ

309 1074 364 1149 τήν
379 1072 473 1153 ἀρχήν
488 1076 522 1137 έν
537 1083 583 1151 τήι
601 1083 672 1152 Περί
689 1084 769 1138 θεῶν
784 1074 1027 1154 ἀπομνημονεύει,
1042 1076 1222 1155 Ἀλέξανδρος
1239 1081 1269 1140 δέ
1286 1077 1327 1148 ῶς
1344 1081 1566 1155 πεπερασμένον

310 1157 386 1221 αάτό
403 1167 453 1221 καί
471 1164 660 1237 σφαιροειδές.

412 1243 478 1308 ἀλλ’
497 1239 543 1306 ότι
560 1249 614 1319 μέν
634 1247 701 1308 οὔτε
721 1246 845 1323 ἀπειρον
863 1247 930 1310 οάτε
951 1251 1173 1326 πεπερασμένον
1194 1245 1266 1311 αὐτὸ
1288 1253 1438 1318 δείκνυσιν,
1455 1249 1489 1310 έκ
1505 1256 1565 1309 τῶν
1582 1251 1598 1302 9

311 1333 531 1407 προειρημένων
547 1337 650 1406 δῆλον·
674 1336 895 1408 πεπερασμένον
916 1336 946 1394 δέ
972 1340 1021 1394 καί
1045 1337 1226 1410 σφαιροειδές
1247 1328 1320 1394 αάτό
1340 1334 1384 1394 διὰ
1403 1332 1438 1394 τὸ
1457 1356 1566 1393 παντα-

308 1413 404 1489 χόθεν
421 1408 527 1488 όμοιον
543 1417 644 1492 λέγειν.
677 1424 727 1477 καί
749 1417 845 1479 πάντα
868 1431 948 1479 νοεῖν
974 1422 1004 1479 δέ
1025 1441 1111 1495 φησιν
1135 1414 1207 1480 αότδ
1231 1421 1325 1495 λέγων
1350 1421 1455 1495 [λέγειν
1471 1422 1565 1478 codd:

310 1504 426 1568 correxi]
439 1496 580 1561 “δ11’-
592 1499 799 1577 κραδαίνει’
818 1505 860 1571 [fr.
871 1511 923 1571 35].

414 1588 569 1658 Simplicius
590 1605 625 1644 ex
645 1589 809 1647 Alexandro
833 1607 931 1660 parum
953 1591 1100 1661 diligenter
1121 1592 1306 1661 transscripsit
1330 1592 1451 1661 primum
1476 1590 1567 1647 Theo-

308 1673 417 1742 phmnti
439 1689 475 1728 ex
491 1674 672 1748 Phynieornm
689 1674 802 1729 Placitis
828 1675 951 1745 eclogam
974 1675 1017 1742 (fr.
1036 1681 1051 1730 5
1069 1676 1143 1731 Dex.
1160 1692 1189 1746 p.
1199 1679 1269 1742 430),
1294 1676 1343 1732 uhi
1369 1677 1452 1732 etiem
1469 1691 1567 1731 verene

309 1757 491 1828 Xenophnnin
514 1758 591 1814 citati
613 1775 673 1814 esee
689 1759 827 1825 videntur,
853 1767 912 1815 tum
932 1760 1094 1816 Aristotelis
1111 1776 1137 1831 q.
1155 1759 1175 1815 f.
1192 1761 1227 1815 de
1245 1759 1327 1816 MXG
1353 1761 1398 1826 [ef.
1415 1760 1502 1829 Ais]
1520 1776 1566 1815 ex·

309 1850 412 1913 eerpta,
424 1851 454 1899 et
464 1852 530 1899 sunt
541 1845 666 1914 quidem:
684 1846 700 1913 ξ
713 1848 727 1898 1
739 1844 865 1913 paraphr.
877 1845 929 1899 Ar.
940 1844 1025 1916 Phys.
1040 1845 1102 1899 1841‘
1116 1849 1157 1912 15,
1168 1845 1209 1913 §2
1222 1845 1428 1914 Theophrasten
1445 1845 1568 1901 admixta

308 1928 468 1998 parenthesi
485 1945 520 1984 ex
531 1930 584 1984 Ar.
596 1930 632 1984 de
642 1927 737 1996 MXG3
755 1929 771 1996 ξ
783 1933 799 1982 3
818 1945 852 1984 ex
864 1929 882 1984 l.
894 1929 930 1984 de
941 1928 1023 1985 MXG
1036 1934 1098 1984 911·
1112 1935 1152 1985 14.
1170 1935 1285 1996 23-18,
1307 1931 1323 1998 ξ
1334 1935 1350 1984 4
1367 1929 1491 1985 indidem
1503 1934 1566 1984 971·

312 2017 426 2080 15-22;
439 2014 480 2081 55
492 2014 703 2079 indidisti-'13
722 2014 763 2081 §6
776 2029 810 2068 ex
819 2017 869 2067 977
879 2013 991 2081 1’8-12;
1004 2013 1262 2083 ξῖΤλιοομλιτεετοε
1274 2014 1398 2070 admixto
1410 2015 1428 2069 l.
1438 2015 1473 2070 de
1484 2013 1567 2070 MXG

310 2098 418 2153 911411
431 2115 505 2170 sqq.;
517 2101 558 2168 §8
571 2115 604 2154 ex
617 2097 779 2153 Alexandro
790 2099 865 2167 ipe03
878 2099 918 2166 §9
932 2098 1063 2168 Simplicii
1074 2099 1204 2154 iudicium
1217 2099 1325 2154 adiecto
1336 2115 1420 2154 versu
1431 2115 1466 2154 ex
1476 2098 1565 2154 Theo·

309 2183 447 2252 phrnsteis
463 2184 626 2239 Alexandri.
660 2190 750 2238 cetera
760 2182 943 2252 Theophrasti
960 2191 1090 2254 excerpta
1106 2199 1193 2253 eaque
1209 2185 1298 2254 magis
1315 2185 1419 2240 sineere
1435 2186 1567 2242 continuo

308 2287 337 2324 n.
351 2273 383 2324 32
390 2283 452 2338 sqq.
611 2292 613 2295 ·

415 2419 457 2468 32.
476 2413 584 2482 [Pium]
597 2413 698 2469 Strom.
709 2418 725 2467 4
738 2412 812 2477 [Eue.
824 2412 881 2467 Ph
892 2413 907 2468 I
919 2419 944 2481 8,
955 2419 981 2468 4.
998 2413 1072 2468 Der.
1086 2417 1146 2479 580]
1165 2418 1197 2475 Ξ.
1215 2415 1245 2474 δέ
1259 2408 1276 2473 ὃ
1290 2412 1481 2485 Κολοφώνιος
1492 2415 1567 2472 ίδίαν

310 2498 376 2558 τινά
397 2493 469 2556 όδὸν
485 2498 702 2570 πεπορευμένος
717 2501 767 2554 καί
788 2503 1005 2572 παρηλλαχυῖαν
1022 2495 1135 2566 πάντας
1157 2496 1226 2567 τοὺς
1241 2501 1471 2574 προειρημένους
1487 2500 1568 2566 [Tha-

310 2586 376 2653 lete,
391 2583 641 2649 Anaximandrum,
660 2583 864 2649 Anaximenen]
881 2581 949 2643 οὔτε
966 2583 1078 2657 γένεσιν
1099 2582 1167 2643 οὔτε
1184 2579 1304 2657 φθοράν
1320 2578 1482 2650 ἀπολείπει,
1500 2580 1555 2643 ἀλλ

311 2667 387 2729 εἶναι
404 2670 479 2743 λέγει
498 2664 532 2727 τὸ
551 2674 610 2728 πᾶν
627 2661 674 2727 ἀεί
692 2659 805 2738 ὅμοιον
840 2669 868 2726 εί
882 2664 939 2741 γάρ
957 2671 1088 2743 γίγνοιτο
1101 2673 1199 2736 τοῦτο,
1216 2671 1312 2742 φησίν,
1328 2663 1490 2744 ἀναγκαῖον
1506 2690 1565 2742 προ

311 2753 420 2814 τούτου
436 2754 474 2826 μή
493 2752 579 2814 εἶναι·
601 2753 637 2812 τό
660 2752 698 2825 μή
727 2748 762 2810 όν
783 2753 814 2812 δέ
837 2746 890 2811 οόκ
907 2749 946 2813 ἀν
963 2755 1078 2828 γένοιτο
1096 2748 1162 2813 οὐδ)
1185 2751 1223 2814 ἀν
1239 2750 1275 2812 τὸ
1292 2751 1330 2826 μή
1350 2751 1385 2813 όν
1403 2752 1522 2828 ποιήσαι
1539 2775 1567 2812 τι

313 2839 382 2901 οὔτε
398 2836 457 2900 riui>
475 2845 529 2899 τοῦ
544 2839 583 2912 μή
603 2836 689 2906 ὄντος
699 2837 809 2912 γένοιτ’
827 2836 865 2899 άν
881 2861 918 2898 τι.
944 2832 1142 2912 ἀποφαίνεται
1159 2841 1189 2898 δέ
1205 2844 1255 2897 καί
1272 2836 1325 2907 τὰς
1336 2837 1483 2912 αἰσθήσεις
1500 2857 1567 2911 φευ-

312 2933 370 2995 δεῖς
387 2930 437 2985 καί
453 2925 585 2984 καθόλου
602 2920 653 2983 σὺν
671 2918 771 2991 αόταῖς
786 2929 835 2982 καί
847 2916 939 2982 αὐτὸν
955 2921 1010 2982 τὸν
1027 2925 1118 2997 λόγον
1135 2921 1289 2999 διαβάλλει.
1324 2918 1521 2995 ἀποφαίνεται
1537 2925 1568 2982 δέ

312 3016 363 3070 καί
380 3015 434 3069 τῶι
448 3007 560 3086 χρόνιοι
576 3009 813 3083 καταφερομένην
830 3012 956 3081 συνεχῶς
976 3012 1026 3066 καί
1042 3003 1112 3066 κατ’
1135 3003 1235 3082 ὀλίγον
1251 3005 1303 3081 τήν
1319 3013 1373 3082 γῆν
1389 3010 1430 3077 είς
1446 3007 1499 3082 τήν
1515 3007 1566 3068 θά·

312 3102 428 3154 λασσαν
437 3105 553 3169 χωρεῖν.
588 3098 657 3167 φησί
674 3088 704 3152 δέ
719 3098 769 3151 καί
785 3094 839 3151 τόν
856 3085 938 3167 ήλιον
955 3094 988 3150 ἐκ
1005 3099 1117 3166 μικρῶν
1133 3097 1183 3151 καί
1194 3089 1337 3151 πλειόνων
1348 3095 1459 3166 πορίων
1477 3099 1567 3167 [πυρα

313 3183 386 3240 δίαν
402 3181 492 3251 Toup]
509 3173 710 3254 ἀθροίζεσθαι.
745 3174 941 3252 ἀποφαίνεται
957 3179 988 3236 δέ
1004 3182 1054 3235 καί
1071 3183 1138 3252 περὶ
1154 3182 1234 3236 θεῶν
1256 3172 1296 3245 ῶς
1313 3172 1446 3248 οὐδεμιᾶς
1462 3173 1567 3252 ήγεμο·

315 3268 381 3331 νίας
397 3263 430 3322 ἐν
448 3259 547 3332 αὐτοῖς
564 3263 666 3338 οὔσης·
688 3257 797 3338 οὐγὰρ
816 3257 899 3321 όσιον
916 3260 1113 3333 δεσπόζεσθαί
1135 3284 1199 3321 τινα
1216 3267 1276 3320 τῶν
1297 3267 1387 3320 θεῶν·
1406 3261 1568 3321 ἐπιδεῖσθαί

315 3372 349 3410 τε
366 3345 489 3424 μηδενὸς
505 3343 602 3408 αὐτῶν
618 3349 723 3421 μηδένα
744 3342 810 3422 μηδ’
836 3339 922 3414 όλιος·
946 3342 1064 3406 ἀκούειν
1085 3349 1116 3406 δέ
1136 3352 1186 3406 καί
1210 3342 1285 3421 δρᾶν
1306 3344 1438 3406 καθόλου
1463 3351 1513 3405 καί
1529 3344 1568 3418 μή

312 3435 390 3496 κατὰ
407 3435 505 3507 μέρος.
540 3427 734 3507 ἀποφαίνεται
751 3434 848 3491 δὲκαὶ
868 3428 921 3504 τὴν
937 3437 990 3506 γῆν
1008 3430 1131 3507 ἄπειρον
1148 3429 1220 3492 εἶναι
1243 3428 1384 3491 καὶκατὰ
1403 3436 1462 3491 πᾶν
1478 3431 1569 3504 μέρος

312 3515 352 3593 μή
371 3516 419 3591 [μή
437 3526 502 3575 ante
512 3516 589 3579 κατὰ
604 3527 707 3590 trannp.
718 3519 846 3584 Brendis]
864 3518 1051 3591 περιέχεσθαι
1062 3514 1119 3577 ὕπὸ
1139 3512 1239 3591 ἀέρος·
1258 3521 1392 3592 γίνεσθαι
1408 3517 1439 3576 δέ
1451 3508 1567 3576 ἀπαντα

314 3603 348 3662 ἐκ
365 3608 429 3678 γῆς·
448 3600 503 3662 τὸν
521 3605 551 3662 δὲ
568 3595 649 3677 ήλιον
665 3608 716 3661 καί
732 3599 769 3662 τὰ
787 3600 881 3676 ἀστρα
899 3601 932 3660 έκ
949 3608 1009 3660 τῶν
1027 3608 1124 3677 νεφῶν
1140 3606 1283 3677 γίνεσθαι.

418 3753 461 3806 33.
478 3749 598 3804 Humor„
614 3749 677 3804 Rei.
692 3749 752 3804 114
770 3749 851 3814 [1)οι
865 3752 925 3813 535]
943 3751 975 3808 Ξ.
997 3747 1028 3806 δέ
1051 3742 1067 3805 ὃ
1088 3744 1277 3815 Κολοφώνιος
1291 3739 1481 3820 Ὀρθομένους
1498 3745 1567 3814 υίός.
1587 3750 1601 3800 1

314 3824 409 3901 οὗτος
425 3830 480 3900 ἕως
494 3829 591 3905 Κόρου
606 3832 751 3903 διέμεινεν.
787 3822 872 3898 οὗτος
889 3827 942 3904 ἔφη
959 3837 1076 3905 πρῶτος
1089 3826 1292 3906 ἀκαταληψίαν
1308 3829 1381 3890 εἶναι
1398 3829 1516 3890 πάντων
1532 3833 1569 3890 εί-

315 3916 382 3977 πὼν
399 3910 504 3986 οότιος·
518 3913 567 3976 ιεί
582 3911 878 3992 γὰρ-τέτυκται’
896 3917 939 3982 [fr.
951 3922 994 3984 34,
1005 3922 1031 3984 3,
1040 3922 1075 3982 4].

338 4001 342 4010 ’
419 4004 495 4076 λέγει
511 4003 543 4061 δέ
560 3995 607 4061 ότι
624 3997 706 4062 οὐδέν
727 4004 839 4074 γίνεται
858 3995 926 4059 οὐδὲ
943 4005 1096 4074 φθείρεται
1120 3995 1186 4061 οόδὲ
1206 4011 1327 4060 κινεῖται
1343 4005 1392 4059 καί
1416 3992 1461 4059 ότι
1479 3998 1511 4059 ἓν
1528 3998 1564 4059 τὸ
1582 4003 1598 4053 2

315 4093 378 4148 πᾶν
393 4086 473 4146 ἐστιν
490 4083 543 4156 ἔξω
560 4090 731 4160 μεταβολῆς.
766 4088 835 4159 φησί
860 4086 962 4144 δὲκαὶ
984 4083 1038 4144 τὸν
1060 4083 1133 4144 θεὸν
1158 4081 1231 4144 εἶναι
1253 4079 1347 4144 ἀίδιον
1371 4090 1421 4144 καί
1442 4083 1493 4144 ένα
1519 4091 1568 4144 καί

260 4160 267 4172 ’
317 4165 424 4245 όμοιον
449 4170 542 4244 πάντη
564 4177 613 4230 καί
635 4170 855 4244 πεπερασμένον
872 4174 925 4227 ’καί
948 4175 1116 4244 σφαιροειδῆ
1140 4175 1190 4229 καί
1213 4175 1283 4230 πᾶσι
1306 4181 1369 4238 τοῖς
1390 4173 1507 4244 μορίοις
1525 4171 1567 4228 αἰ-

316 4254 464 4332 σθητικόν.
502 4255 556 4315 τὸν
573 4257 603 4315 δέ
619 4248 701 4330 ήλιον
717 4255 750 4314 ἐκ
761 4258 873 4328 μικρῶν
884 4258 1022 4329 πυριδίων
1034 4248 1254 4329 ἀθροιζομένων
1265 4258 1398 4330 γίνεσθαι
1408 4248 1482 4312 καθ’
1500 4247 1566 4313 έκά·
1584 4258 1600 4307 3
1674 4321 1677 4325 ,

315 4363 387 4417 στην
404 4337 522 4416 ἡμέραν,
539 4337 591 4415 τήν
607 4343 637 4400 δὲ
653 4346 707 4415 γῆν
723 4337 846 4414 ἀπειρον
864 4336 936 4398 εἶναι
953 4345 1003 4398 καί
1019 4337 1091 4413 μήτε
1108 4334 1161 4399 ὑπ’
1179 4333 1267 4413 ἀέρος
1283 4339 1355 4411 μήτε
1372 4336 1431 4398 ὑπὸ
1450 4343 1502 4397 τοῦ
1519 4335 1568 4398 οό-

316 4432 408 4500 ρανοῦ
425 4428 619 4502 περιέχεσθαι.
648 4431 697 4484 καί
714 4419 854 4499 ἀπείρους
869 4419 967 4493 ἡλίους
984 4422 1057 4484 εἶναι
1074 4430 1123 4483 καί
1135 4420 1263 4496 σελήνας,
1281 4422 1316 4483 τά
1335 4423 1365 4481 δέ
1382 4420 1477 4483 πάντα
1495 4421 1568 4483 εἶναι

314 4511 348 4570 έκ
365 4517 426 4586 γῆς.
479 4503 566 4579 οὗτος
582 4507 634 4585 τήν
655 4508 809 4570 θάλασσαν
825 4504 956 4583 άλμυρόιν
973 4507 1026 4582 ἔφη
1045 4510 1091 4569 διὰ
1111 4504 1146 4568 τὸ
1164 4505 1257 4567 πολλὰ
1275 4511 1419 4581 μείγματα
1438 4510 1568 4582 σνρρέειν
1585 4512 1601 4561 4

314 4595 349 4654 έν
365 4591 456 4669 αότήι.
494 4591 510 4654 ὃ
528 4599 559 4655 δέ
577 4594 775 4669 Μητρόδωρος
791 4590 836 4654 διὰ
854 4590 889 4652 τὸ
909 4590 940 4652 έν
964 4599 1010 4666 τήι
1027 4600 1074 4668 yria
1091 4600 1253 4667 διηθεῖσθαι
1270 4593 1378 4652 τούτου
1391 4590 1479 4665 χάριν
1495 4596 1567 4668 γίνε-

315 4687 386 4739 σθαι
404 4675 541 4756 άλμυράν.
612 4676 628 4738 ὃ
647 4681 677 4740 δέ
688 4677 856 4753 Ξενοφάνης
871 4682 948 4750 μίξιν
965 4684 1014 4751 τῆς
1031 4683 1084 4752 γῆς
1101 4677 1176 4753 πρὸς
1193 4677 1246 4749 τήν
1263 4674 1417 4737 θάλασσαν
1428 4680 1564 4751 γίνεσθαι
1585 4684 1600 4733 5
