4117 5617
789 560 822 615 B.
840 561 895 624 Ilm
915 564 1024 616 90-94.
1059 563 1136 616 ΠΕΡΙ
1154 563 1285 616 olima
1598 564 1656 623 141

403 730 466 792 πῶς
492 735 571 784 ποιεῖ
594 724 646 799 τὴν
671 728 748 795 μίξιν
773 721 839 785 οἷον
865 726 966 789 οἴνου
990 734 1051 787 καὶ
1077 725 1220 801 ύόατσς,·
1242 731 1286 797 [cf.
1303 732 1337 786 fr.
1355 736 1406 797 91].
1436 731 1620 803 oi.Philop.i.
1634 749 1657 788 e.

402 811 517 867 Michael
535 811 609 867 adh.
621 812 639 867 l.
651 815 715 869 59¹3
733 805 769 870 'E-
786 810 819 869 ἐν
836 803 926 872 diuam
944 825 1007 882 τοῖς
1025 812 1139 886 σώμασι
1162 825 1225 883 τοῖς
1240 811 1298 874 aab
1323 808 1441 888 σελήνην
1465 810 1530 873 οἷον
1551 808 1658 883 ύόασιν,

402 895 511 963 ἐλαίοις
526 901 576 954 καὶ
593 908 655 964 τοῖς
672 894 770 964 ἄλλοις
788 893 860 955 εἶναι
877 893 975 971 ἔλεγεν
993 894 1044 967 (σός
1060 904 1110 957 καὶ
1126 899 1159 958 ἐν
1175 905 1220 971 τῆι
1233 905 1304 973 Περὶ
1320 901 1460 974 γενέσεως
1475 904 1525 957 καὶ
1541 904 1658 974 φθορᾶς

403 980 516 1053 εἴρηκεν
532 982 576 1048 [cf.
588 981 676 1038 Arist
694 999 722 1052 p.
734 981 832 1049 bibli,
855 983 929 1039 unde
946 985 1029 1040 etiam
1046 986 1194 1056 proximal)
1213 977 1458 1059 ἆναμεμιγμὲνονς
1474 981 1585 1058 πόρους
1609 989 1657 1042 καὶ

402 1063 504 1136 ναστό,
522 1071 572 1125 καὶ
588 1064 656 1133 τούς
672 1062 875 1136 μὲνπόροος
890 1065 1009 1127 ἐκάλεσε
1026 1075 1122 1137 κοῖλα,
1140 1091 1176 1127 τα
1195 1070 1225 1127 δὲ
1242 1065 1473 1135 ναστόι·πυκνιι’,
1490 1073 1540 1126 καὶ
1552 1059 1657 1138 ὦνμέν

402 1153 458 1209 εἰσι
475 1150 511 1210 τό
524 1148 616 1210 ναστᾶ
632 1155 682 1209 καὶ
700 1149 728 1207 οὶ
740 1146 830 1222 πόροι
847 1153 987 1218 (τουτέστι
1004 1152 1040 1212 τό
1058 1160 1142 1211 κοῖλα
1160 1158 1209 1212 καὶ
1226 1149 1328 1221 πυκνά)
1346 1151 1503 1226 σύμμετρα,
1520 1145 1597 1212 όόστε
1613 1151 1656 1212 δύ-

402 1243 510 1295 νασθαι
527 1231 565 1294 δι’
581 1230 711 1308 ἀλλήλοιν
720 1244 837 1310 χωρεῖν,
854 1234 967 1295 τούτων
984 1234 1110 1310 ἔφασκεν
1122 1235 1193 1297 εἶναι
1205 1241 1281 1309 μίξιν
1297 1243 1347 1296 καὶ
1357 1243 1460 1311 κρᾶσιν
1473 1233 1537 1297 οἷον
1553 1229 1657 1306 ύδατσς

359 1349 362 1354 ·
401 1326 451 1378 καὶ
469 1319 563 1378 οἴνου·
582 1312 623 1377 ὦν
640 1321 670 1378 δὲ
691 1315 872 1394 οἲσύμμετρα,
895 1319 1001 1390 ἄμικτα
1019 1328 1111 1381 ταῦτα
1129 1319 1254 1396 ἔφασκεν
1278 1319 1350 1381 εἶναι
1368 1317 1467 1395 ὥσπερ
1490 1319 1588 1382 ἔλαιον
1607 1328 1656 1380 καὶ

400 1397 479 1478 ύόιορ
495 1410 555 1463 κτλ
574 1405 609 1461 ci.
621 1405 702 1461 adlr.
714 1410 746 1461 91

503 1524 557 1580 hoc
574 1531 603 1580 et
619 1525 783 1580 antecedens
794 1522 827 1578 ir.
839 1525 876 1580 ad
887 1525 1076 1582 illustrandam
1090 1527 1227 1598 magnetis
1238 1527 1296 1582 vim
1309 1525 1461 1582 adhibitam
1472 1525 1559 1582 luisse
1569 1526 1655 1582 fidem

400 1608 468 1665 facit
485 1609 567 1665 etiam
583 1608 802 1686 Lucr.V11073.
815 1613 889 1664 1019.

870 1821 1182 1931 amam&

503 1965 592 2020 Pnur.
604 1966 640 2021 de
651 1965 707 2021 def.
719 1981 759 2022 or.
770 1969 804 2020 41
822 1981 849 2034 p.
861 1965 940 2021 433ss
961 1973 997 2035 [p.
1016 1970 1078 2032 113,
1097 1971 1128 2022 15
1140 1966 1240 2031 Paton]
1264 1962 1336 2022 ἄλλα
1361 1961 1418 2037 γὰρ
1441 1961 1539 2030 ἄλλοις
1561 1965 1654 2022 οἰκεῖα

400 2053 450 2106 καὶ
467 2046 626 2120 πρόσφορα
643 2043 779 2124 καθάπερ
797 2054 846 2121 τῆς
862 2050 916 2120 μὲν
933 2048 1086 2123 πορφύρας
1104 2049 1121 2109 ό
1139 2047 1251 2120 κύαμος
1268 2055 1318 2120 τῆς
1335 2050 1365 2108 al
1381 2046 1493 2106 κόκκου
1504 2049 1539 2107 τό
1553 2051 1654 2120 νίτρον

400 2139 482 2192 δοκεῖ
497 2132 549 2206 τὴν
564 2133 664 2208 βαφὴν
681 2132 762 2208 ἄγειν
779 2131 883 2202 [αὔξειν
899 2135 1098 2207 wyttenbach3
1117 2132 1239 2207 αόρεινό]
1256 2135 1440 2208 μεμιγμένον,

554 2243 688 2323 βόσσωι
711 2239 746 2304 de
769 2240 912 2328 γλαυκῆς
933 2246 1051 2317 κόκκος
1072 2246 1317 2327 καταμίσγεται
1340 2246 1441 2329 ἀκτῆς

400 2349 441 2421 ὥς
456 2348 493 2412 Ἑ.
511 2350 614 2429 εἴρηκε.

502 2469 613 2540 κόκκος
630 2475 738 2543 scripsi:
762 2470 873 2546 κρόκου
889 2474 952 2533 libri
1038 2469 1122 2543 ἆκτίς
1143 2477 1254 2532 Barber.
1273 2483 1301 2532 et
1317 2475 1400 2530 dett:
1422 2490 1476 2530 om.
1495 2482 1561 2530 oet:
1584 2491 1653 2531 corr.

399 2559 593 2616 Wilamowitz.
626 2555 736 2632 βύσσος
753 2560 859 2630 antiqui
876 2567 905 2615 et
921 2565 1045 2616 meantes
1062 2578 1124 2616 oum
1140 2563 1270 2632 ignorent
1283 2560 1359 2631 quod
1370 2575 1459 2630 genus
1476 2560 1596 2615 vestium
1608 2559 1653 2625 sit,

399 2645 502 2701 lineum
520 2661 556 2700 an
572 2644 768 2716 bombycinum
786 2661 822 2700 an
843 2646 972 2711 sericum,
995 2645 1074 2714 sequi
1095 2654 1217 2716 praestat
1238 2644 1413 2717 etymologos
1430 2645 1549 2700 colorem
1568 2643 1653 2714 expli·

399 2737 494 2786 canus
511 2730 576 2785 Hes.
593 2732 697 2802 χριόμα
715 2723 780 2786 ἀντὶ
797 2733 848 2799 τῆς
863 2719 949 2801 ύσγης
966 2727 1279 2802 παραλαμβανόμενον.
1304 2730 1349 2784 Et
1360 2728 1397 2783 lt.
1410 2732 1469 2794 217,
1481 2732 1514 2782 20
1532 2727 1652 2801 βύσσος·

400 2810 476 2880 εἶδος
492 2805 619 2887 βοτόνης
634 2812 667 2882 ἐξ
687 2805 722 2872 σύ
743 2817 792 2871 καὶ
814 2811 849 2872 τό
873 2808 927 2872 ἀπ’
950 2807 1037 2886 αύτῆς
1053 2811 1225 2887 βαπτόμενα
1247 2810 1346 2882 ἱμάτια
1367 2809 1489 2887 βύσσινα
1511 2813 1652 2884 λέγονται.

399 2915 467 2969 ergo
485 2899 647 2954 Plutarchus
664 2898 838 2969 Empedoclis
854 2915 965 2954 versum
982 2914 1041 2953 non
1058 2905 1090 2954 ut
1106 2899 1218 2955 alterius
1235 2899 1371 2954 mixturae
1389 2898 1543 2967 exemplum
1555 2898 1604 2953 sed
1621 2904 1653 2953 ut

399 2985 511 3038 tertium
527 3000 616 3053 genus
633 2983 752 3039 addidit:
771 2985 914 3055 byssinum
932 2984 1052 3040 colorem
1074 2983 1197 3039 sambuci
1214 2982 1289 3038 bacis
1311 2983 1501 3038 adulteratum.
1535 2982 1652 3039 fortasse

399 3069 471 3123 Plin.
483 3068 510 3123 h.
522 3086 549 3123 n.
560 3068 603 3123 IX
616 3073 665 3123 140
683 3068 736 3124 huo
752 3068 830 3136 facit,
849 3070 873 3124 si
889 3069 966 3139 legas
984 3067 1051 3138 qaia
1069 3071 1096 3123 at
1112 3071 1219 3123 terrem
1238 3068 1348 3122 miscere
1370 3068 1397 3132 [i.
1410 3083 1433 3122 e.
1444 3069 1554 3132 nitrum]
1573 3084 1651 3135 cocco,

399 3153 610 3222 (sambucam
627 3153 742 3209 doctam
761 3153 844 3225 Tyria
862 3153 983 3224 ύαρααο
1000 3157 1034 3208 at
1048 3152 1126 3221 fieret
1141 3151 1295 3224 Ιιγορύααοι.

928 3408 1124 3479 mmmm

503 3508 590 3563 Puur.
609 3506 720 3573 Quaest
737 3514 793 3563 nat
810 3514 843 3564 39
869 3527 918 3565 car
939 3527 1013 3580 σρασ
1036 3510 1068 3565 ia
1088 3527 1198 3565 samma
1217 3512 1298 3579 parta
1320 3508 1397 3575 alba,
1424 3507 1455 3562 ιά
1478 3507 1568 3577 fando
1590 3524 1652 3563 cero

399 3593 483 3664 αι’ρεο
498 3593 657 3662 spectatio?
682 3609 721 3647 σα
733 3594 806 3661 qaod
820 3594 1001 3664 profonditus
1012 3593 1164 3665 αι’ρνεόόαόο
1175 3597 1263 3649 mater
1280 3598 1325 3662 eat,
1344 3597 1377 3649 at
1393 3610 1461 3663 ροσε
1477 3591 1543 3647 colia
1559 3592 1654 3647 radica

396 3678 479 3749 priua
496 3694 580 3747 qaam
597 3677 635 3732 ad
656 3695 717 3733 eam
734 3679 902 3747 descendant,
928 3678 1064 3734 obbmdat
1079 3683 1106 3734 et
1123 3679 1282 3748 labefactet?
1310 3676 1464 3748 superficies
1480 3680 1571 3732 ααταο
1589 3694 1653 3747 qao·

399 3764 478 3818 aiam
495 3763 622 3818 coatiaao
640 3780 658 3818 a
674 3764 730 3818 cola
747 3763 877 3832 afficitor,
900 3764 1045 3819 candorem
1063 3763 1176 3819 laminis
1197 3763 1313 3832 recipiat
1333 3765 1444 3832 oportet.
1473 3763 1546 3832 qaod
1561 3762 1653 3833 ipram

399 3852 428 3903 et
441 3843 618 3919 Empedoclea
634 3849 781 3918 approbat:

554 3979 585 4033 et
605 3973 694 4047 οἱρον
714 3972 747 4032 ia
766 3973 866 4046 sanda
884 3974 973 4049 fluvii
993 3975 1080 4035 color
1101 3978 1202 4034 exstat
1223 3971 1263 4032 ab
1285 3969 1404 4042 ambra,

554 4080 646 4149 atque
667 4075 843 4135 cavernosis
863 4076 966 4136 itidem
986 4080 1147 4150 spectatur
1167 4074 1200 4134 ia
1223 4076 1327 4135 anima.

502 4219 600 4273 graece
618 4202 686 4258 libet
702 4204 741 4259 sio
758 4210 877 4259 vertero:
894 4207 943 4260 καὶ
961 4204 1040 4261 πόλει
1062 4202 1094 4261 ἐν
1111 4203 1211 4277 βένθει
1233 4206 1368 4269 ποταμοῦ
1384 4201 1475 4270 μέλαν
1492 4200 1525 4258 ἐκ
1543 4195 1652 4257 σκιόεν-

400 4308 452 4354 τος
468 4292 517 4344 καὶ
535 4282 761 4361 σπηλαιόόεσσιν
778 4281 858 4356 όμῶς
874 4287 1011 4360 ἐνορᾶται
1033 4285 1066 4345 ἐν
1083 4284 1208 4360 ἄντροις.
1237 4303 1304 4343 usus
1320 4285 1468 4355 fragmenti
1485 4285 1653 4355 intellegitur
1767 4301 1769 4304 ·

399 4373 518 4428 fortasse
535 4389 570 4428 ex
587 4372 701 4428 ArIstot.
720 4373 756 4428 de
772 4388 835 4442 gen.
852 4373 934 4428 anim.
952 4374 976 4428 Ε
990 4378 1014 4429 1.
1030 4372 1133 4428 utalia
1152 4367 1188 4430 τὰ
1205 4371 1259 4442 μὲν
1276 4362 1328 4428 σύν
1349 4367 1455 4442 ἔχοντα
1478 4372 1537 4426 τῶν
1559 4362 1652 4438 όμμοό·

400 4477 460 4515 των
476 4453 550 4514 πολύ
568 4454 603 4514 τό
625 4451 717 4530 ύγρὸν
738 4454 947 4527 μελανόμματύ
969 4456 1031 4516 ἐστι
1054 4452 1099 4514 aad
1123 4452 1158 4514 τὸ
1181 4453 1220 4528 μὴ
1242 4449 1373 4514 εύδόοπτ’
1397 4450 1525 4513 εἶναιτὰ
1549 4457 1652 4519 πολλα,

399 4538 508 4614 γλαυκοὶ
527 4541 557 4600 δὲ
573 4537 609 4599 ul
633 4538 742 4615 ὀλίγον,
758 4538 893 4613 καθάπερ
915 4545 1050 4616 φαίνεται
1067 4544 1117 4600 καὶ
1133 4540 1181 4599 ἐπὶ
1202 4544 1252 4613 τῆς
1274 4540 1428 4612 θαλάττης.
1462 4535 1497 4595 τό
1520 4536 1573 4607 μὲν
1594 4535 1652 4610 γὰρ

400 4622 555 4685 εόόόονιτσν
573 4619 659 4699 αύτῆς
680 4629 827 4698 φαίνεται,
849 4623 885 4684 τύ
903 4621 931 4684 d'
948 4618 1037 4700 ἦττον
1053 4621 1208 4694 ύόατρῐόες,
1231 4621 1266 4683 τό
1285 4625 1315 4682 a
1337 4621 1376 4697 μὴ
1399 4621 1585 4697 διωρισμένον
1606 4619 1651 4679 διό

399 4708 497 4786 βάθος
512 4712 603 4783 μέλαν
619 4715 668 4770 καὶ
683 4710 854 4778 κυανοειδές.
