4117 5617
879 1377 1173 1457 PRAEFATIO

484 1603 621 1684 Plagulis
642 1603 777 1666 correctis
799 1603 1003 1685 indicibusque
1025 1623 1089 1664 non
1112 1602 1175 1664 sine
1193 1601 1289 1664 taedio
1304 1599 1446 1662 confectis
1460 1599 1532 1661 dum
1545 1598 1656 1680 respiro

398 1715 429 1768 et
456 1705 575 1768 laetiore
596 1704 695 1767 animo
717 1705 789 1787 quid
809 1705 1007 1788 praefandum
1030 1706 1069 1766 sit
1089 1705 1224 1778 meditor,
1246 1724 1313 1766 ecce
1334 1702 1459 1764 nuntius
1481 1701 1571 1782 longe
1593 1702 1657 1763 tris·

399 1808 529 1870 tissimus
555 1806 688 1882 affertur,
717 1807 900 1870 Gnoacmn
922 1809 1118 1870 Kannmuu
1145 1808 1232 1870 nobis
1253 1805 1416 1887 litterisque
1438 1804 1544 1866 acerba
1564 1813 1657 1866 morte

399 1919 532 1992 ereptum
553 1931 625 1984 esse,
648 1910 700 1991 qui
721 1932 785 1973 non
807 1911 904 1974 solum
927 1911 1091 1974 studiorum
1113 1912 1249 1973 societate
1271 1909 1338 1970 inde
1359 1929 1378 1970 a
1398 1906 1565 1969 beatissimo
1587 1926 1657 1968 con-

398 2012 536 2075 tubernio
551 2012 705 2074 Bonnensi
726 2013 797 2074 mihi
818 2023 882 2076 erat
904 2013 1172 2089 coniunctissimus,
1193 2013 1290 2075 sedin
1305 2011 1362 2073 hoc
1376 2030 1494 2092 quoque
1508 2009 1658 2072 communi

399 2116 559 2177 amicorum
591 2136 677 2196 opere
704 2115 788 2179 velut
814 2137 929 2199 auspex
956 2126 986 2178 et
1014 2116 1147 2198 signifer,
1175 2117 1260 2178 cuius
1285 2112 1486 2176 auctoritatem
1507 2132 1554 2172 me
1575 2112 1658 2193 sequi

399 2226 430 2278 et
450 2216 573 2279 decebat
593 2226 624 2278 et
643 2218 773 2283 iuvabat.
816 2240 888 2282 nam
910 2218 1069 2300 singularis
1090 2239 1212 2300 graecae
1233 2219 1303 2280 artis
1318 2216 1455 2297 cognitio,
1470 2235 1546 2296 quae
1560 2214 1591 2274 in
1605 2213 1657 2276 illo

399 2319 465 2394 fuit,
493 2319 525 2380 in
552 2318 638 2382 nullo
664 2341 770 2402 genere
798 2321 960 2384 litterarum
987 2323 1081 2402 magis
1109 2322 1213 2384 enituit
1240 2341 1332 2402 quam,
1355 2320 1387 2380 in
1413 2316 1551 2392 Cornicis,
1577 2316 1658 2378 unde

400 2421 590 2499 splendidum
611 2432 682 2484 ante
703 2423 856 2486 biennium
878 2424 991 2486 factum
1012 2434 1058 2486 est
1079 2424 1168 2487 huius
1187 2423 1325 2504 Corporis
1347 2421 1471 2482 initium.
1513 2420 1571 2481 iam
1586 2418 1658 2480 adu·

399 2524 559 2586 lesoentem
580 2525 676 2607 prima
696 2526 827 2591 tirocinia
851 2527 882 2588 in
896 2527 1100 2609 Aristophane
1114 2548 1226 2609 ponere
1238 2525 1356 2587 memini
1371 2523 1556 2604 eundemque
1571 2521 1657 2583 audio

400 2645 568 2708 supremam
589 2625 681 2688 fuisse
698 2627 864 2690 moribundi
879 2649 980 2690 curam
994 2649 1029 2690 ae
1044 2628 1201 2709 querelam.
1244 2628 1319 2689 inter
1332 2626 1388 2689 hos
1402 2623 1480 2689 vitae
1494 2623 1658 2686 laboriosae

400 2739 430 2791 et
450 2728 620 2791 fructuosae
641 2731 781 2793 terminos
803 2751 921 2794 omnem
941 2732 1129 2812 graecitatem
1151 2731 1318 2811 peragravit
1338 2738 1367 2790 et
1389 2726 1520 2808 undique
1534 2746 1658 2788 messem

400 2830 576 2894 uberrimam
603 2830 728 2906 rettulit;
754 2841 787 2894 at
815 2853 965 2915 nusquam
993 2833 1133 2895 libentius
1160 2842 1190 2894 et
1210 2832 1352 2894 intentius
1374 2829 1548 2895 versabatur
1569 2849 1659 2911 quam

399 2935 432 2995 in
453 2935 558 2996 atticae
580 2933 748 3010 comoediae
769 2935 908 3017 reliquiis.
930 2936 1091 2998 Dorienses
1113 2935 1206 3010 enim,
1228 2956 1304 3016 quos
1325 2933 1426 3002 edidit,
1448 2941 1568 3014 propter
1589 2932 1658 2997 illos

400 3037 507 3119 opinor
527 3037 671 3118 tetigerat.
715 3038 822 3118 quodsi
843 3060 945 3103 verum
966 3047 1012 3100 est
1034 3038 1125 3120 (quod
1147 3059 1200 3119 ego
1222 3059 1305 3100 nunc
1326 3037 1417 3100 libere
1438 3035 1585 3118 profiteor,
1607 3035 1659 3097 ubi

401 3161 464 3204 non
480 3140 538 3202 iam
560 3140 740 3203 invidiosum
761 3141 878 3205 videtur
898 3140 1021 3204 laudare
1043 3141 1179 3215 amicum)
1201 3161 1269 3203 cum
1289 3141 1374 3223 primi
1395 3138 1475 3200 illius
1497 3134 1658 3200 voluminis

400 3239 580 3321 perfectione
605 3240 657 3303 vix
683 3260 774 3301 unam
802 3240 964 3304 alteramve
986 3240 1153 3322 aequalium
1181 3240 1337 3303 editionem
1364 3248 1441 3301 recte
1466 3260 1555 3321 posse
1581 3261 1658 3304 com·

401 3343 506 3424 parari,
529 3343 600 3424 quid
621 3353 840 3424 praestaturum
862 3364 929 3405 eum
951 3343 1044 3406 fuisse
1065 3343 1217 3418 credimus,
1240 3343 1266 3405 si
1286 3343 1381 3405 fatum
1402 3343 1603 3419 concessisset,
1625 3353 1660 3406 ut

402 3445 497 3525 ipsam
522 3445 641 3508 atticam
663 3447 843 3509 comoediam
865 3447 952 3510 nobis
973 3468 1012 3508 ex
1035 3447 1208 3528 fragmentis
1230 3446 1421 3528 instauraret,
1445 3446 1476 3508 in
1497 3468 1558 3529 qua
1579 3456 1658 3511 totus

402 3546 557 3609 habitabat
570 3556 600 3608 et
621 3548 765 3629 spirabat!
809 3558 862 3611 aut
882 3570 969 3613 nemo
984 3549 1153 3612 mortalium
1167 3558 1226 3622 aut,
1243 3549 1267 3610 si
1281 3548 1445 3630 quisquam,
1461 3548 1511 3611 ille
1526 3558 1555 3610 et
1569 3559 1659 3612 natus

402 3658 465 3712 erat
485 3658 516 3710 et
536 3658 657 3731 paratus
679 3651 718 3713 ad
739 3651 900 3714 Menandri
922 3661 952 3713 et
973 3651 1143 3734 aequalium
1165 3652 1285 3714 umb'ras
1306 3673 1345 3713 ex
1365 3651 1467 3715 inferis
1480 3652 1614 3716 citandus
1630 3662 1660 3714 et

400 3753 434 3813 in
454 3752 532 3816 vitae
553 3751 649 3814 lucem
671 3755 865 3818 revocandas.
908 3755 982 3818 adeo
1011 3755 1043 3816 in
1058 3756 1190 3817 intimam
1204 3776 1304 3818 eorum
1319 3755 1564 3818 consuetudinem
1578 3755 1659 3817 inde-

402 3855 482 3916 fesso
510 3853 613 3917 labore
644 3863 735 3935 atque
757 3853 883 3917 fortasse
911 3855 1003 3936 magis
1033 3854 1120 3917 etiam
1147 3874 1253 3916 sensus
1276 3853 1408 3934 quadam
1429 3855 1605 3936 cognatione
1627 3876 1658 3916 se

403 3957 615 4021 insinuaverat.
658 3977 729 4019 nam
751 3966 813 4019 tota
834 3958 896 4020 eius
913 3957 1029 4020 indoles
1052 3957 1090 4020 ad
1107 3958 1228 4020 atticum
1242 3957 1331 4019 istum
1346 3977 1480 4039 saporem
1495 3957 1575 4019 iacta
1588 3967 1658 4020 erat.

403 4068 438 4121 ut
463 4060 607 4141 scriptura
634 4060 697 4122 eius
726 4059 875 4140 elegantia
905 4061 1020 4143 apicum
1050 4080 1121 4142 prae
1149 4061 1251 4123 ceteris
1279 4059 1405 4135 nitebat,
1427 4069 1462 4122 ut
1483 4060 1660 4124 suavissima

404 4161 610 4224 sermocinatio
636 4163 742 4224 muum
769 4172 916 4243 quantum
945 4163 1053 4226 amicos
1076 4161 1209 4236 tenebat,
1241 4162 1413 4244 priusquam
1440 4162 1535 4224 morbi
1563 4163 1659 4243 ingra-

404 4263 551 4327 vescentis
579 4265 732 4328 tormentis
760 4265 850 4327 animi
880 4266 1020 4328 serenitas
1054 4263 1203 4327 obscurari
1235 4274 1340 4346 coepta
1365 4273 1423 4339 est,
1445 4265 1486 4325 ita
1506 4272 1568 4326 tota
1595 4264 1658 4326 eius

402 4387 450 4429 ars
478 4389 583 4431 versus
609 4388 729 4450 graecos
751 4378 783 4429 et
810 4368 979 4450 explicandi
1005 4376 1035 4428 et
1060 4367 1211 4448 pangendi
1238 4368 1324 4449 (quae
1343 4367 1446 4429 crebra
1467 4366 1526 4429 fuit
1546 4367 1659 4431 valenti

402 4469 547 4534 relaxatio
569 4471 653 4533 sicut·
670 4470 822 4533 emorienti
849 4471 954 4532 ultima
981 4469 1157 4549 consolatio)
1187 4470 1353 4533 Praxiteleo
1381 4470 1510 4552 quodam
1537 4471 1659 4552 perhrsa

402 4583 466 4635 erat
487 4574 592 4638 nitore.

488 4675 577 4738 buius
586 4676 674 4757 igitir
685 4675 760 4736 tanti
770 4674 825 4739 viri
835 4676 971 4758 vestigiis,
986 4676 1085 4757 quoad
1100 4676 1162 4738 eius
1177 4675 1290 4751 licebat
1306 4675 1438 4738 insistere
1446 4675 1504 4739 boc
1516 4676 1657 4740 volumen
