4117 5617
918 609 1138 665 PRAEFATIO
1602 614 1656 669 Vll

404 773 547 828 contextu
574 773 635 826 tam
662 764 741 826 clare
769 766 966 847 praescriptus
994 766 1166 841 videbatur,
1193 776 1228 828 ut
1252 766 1452 844 dispositionis
1482 766 1567 828 filum
1588 770 1658 830 satis

401 877 481 929 certo
512 889 567 948 per
596 867 738 948 pleraque
766 888 800 930 ac
827 869 1000 949 gravissima
1021 869 1175 950 fragmina
1202 869 1339 950 persequi
1365 867 1471 932 liceret.
1521 869 1588 932 talis
1615 880 1660 932 est

401 970 535 1034 condicio
545 969 820 1051 Empedocleorum‚
836 990 912 1051 quae
933 971 972 1033 ad
993 970 1091 1034 lucem
1112 971 1311 1052 amplissimae
1325 971 1589 1053 doxographorum
1601 995 1658 1034 me-

401 1073 510 1136 moriae
531 1073 646 1154 egregie
667 1072 870 1154 explanantur
891 1095 926 1135 ac
947 1074 1156 1154 disponuntur.

489 1175 526 1236 de
547 1174 665 1238 delectu
686 1185 788 1239 nostro
810 1186 964 1258 poetarum
985 1177 1043 1240 hoc
1065 1177 1191 1241 breviter
1211 1177 1394 1239 monendum
1409 1186 1461 1241 est.
1497 1179 1659 1259 recepimus

401 1275 525 1338 Eleatae
546 1287 576 1339 et
589 1278 801 1360 Empedoclem
824 1288 975 1361 tamquam
996 1279 1160 1342 medullam
1180 1279 1269 1342 huius
1290 1300 1421 1361 poeseos.
1464 1281 1511 1342 cui
1525 1280 1658 1343 Thaletis

399 1388 430 1440 et
449 1379 606 1443 Cleostrati
628 1380 815 1462 Astrologias
836 1383 1047 1463 praemisimus,
1070 1383 1141 1464 quia
1161 1404 1199 1444 ex
1219 1382 1266 1444 his
1288 1382 1392 1444 studiis
1413 1382 1509 1445 ionica
1529 1382 1659 1464 philoso-

399 1483 473 1561 phia
493 1493 558 1547 orta
586 1494 645 1559 est,
674 1491 810 1565 quamvis
832 1485 967 1548 Thaletis
996 1487 1062 1567 ipsa
1082 1486 1241 1548 auctoritas
1262 1485 1354 1548 dubia
1375 1485 1419 1547 sit.
1463 1494 1559 1546 cetera
1579 1485 1659 1548 illius

401 1585 513 1646 saeculi
534 1587 665 1649 carmina
686 1587 770 1649 velut
791 1587 942 1650 Hesiodea
964 1597 993 1651 et
1015 1588 1147 1669 Orphica
1169 1588 1232 1650 aliis
1254 1587 1342 1649 huius
1362 1587 1500 1668 Corporis
1524 1588 1659 1668 partibus

399 1697 599 1751 reservantur.
641 1688 840 1770 sophistarum
860 1691 975 1772 poetica
995 1712 1059 1752 non
1081 1691 1179 1752 minus
1193 1689 1298 1772 procul
1311 1689 1404 1752 habui
1418 1710 1508 1771 quam
1522 1691 1658 1766 Socratis,

401 1788 426 1850 si
447 1789 493 1851 dis
514 1790 625 1872 placet,
653 1790 789 1855 Platonis
811 1793 979 1856 Aristotelis
1001 1793 1144 1875 Diogenis
1172 1791 1304 1874 pericula
1331 1794 1458 1873 poetica,
1487 1813 1563 1874 quae
1584 1795 1660 1856 inter

400 1890 545 1973 elegiacos
570 1891 678 1974 lyricos
701 1895 828 1976 tragicos
850 1895 1054 1958 distribuenda
1075 1904 1162 1956 emnt
1188 1904 1223 1956 ut
1243 1893 1397 1957 Cleanthis
1418 1893 1549 1976 hymnus
1571 1906 1659 1977 atque

400 2003 496 2056 cetera
511 1995 661 2060 eiusmodi.
698 1997 876 2079 Scythinum
897 2008 996 2060 tamen
1010 2008 1041 2060 et
1054 1998 1254 2060 Menecratem
1268 1996 1364 2078 recepi
1377 1996 1446 2077 quia
1461 1997 1500 2058 ad
1514 1997 1660 2059 Heracliti

401 2096 622 2179 philosophiam
649 2101 797 2181 pertinent
823 2110 857 2162 ut
877 2101 944 2165 silli
965 2101 1098 2163 Timonis
1125 2100 1164 2163 ad
1185 2100 1393 2181 Xenophanis.
1437 2099 1558 2162 omnino
1583 2099 1659 2161 face-

401 2200 504 2262 tissimi
532 2202 595 2263 eius
621 2224 725 2266 versus
751 2213 868 2265 tantum
897 2204 1057 2266 conferunt
1078 2203 1117 2266 ad
1138 2201 1333 2284 philosophos
1354 2211 1431 2264 recte
1452 2200 1659 2264 describendos

401 2311 432 2364 et
462 2302 683 2380 diiudicandos,
718 2316 837 2369 utnon
858 2306 967 2368 iniuria
987 2307 1018 2367 in
1041 2305 1098 2369 hoc
1120 2304 1190 2368 orbe
1211 2313 1412 2368 numerentur.
1455 2304 1540 2366 Timo
1562 2312 1660 2366 autem

381 2408 384 2412 ’
401 2413 431 2466 et
444 2405 591 2468 Oratetem
613 2407 705 2488 paulo
727 2411 907 2490 superiorem
922 2429 1022 2471 secum
1040 2408 1129 2470 traxit
1142 2416 1172 2468 et
1186 2407 1368 2470 Demetrium
1378 2405 1470 2488 paulo
1484 2406 1658 2482 inferiorem,

400 2529 490 2589 quern
510 2508 629 2590 quidem
649 2509 761 2591 primus
782 2511 840 2573 hoc
861 2510 927 2574 loco
947 2510 1101 2575 collocavi.

486 2633 582 2673 unum
607 2621 712 2688 restat,
735 2614 815 2694 quod
843 2623 928 2695 egeat
949 2614 1012 2678 sive
1033 2612 1230 2695 explicatione
1252 2612 1313 2676 sive
1333 2610 1531 2687 excusatione,
1553 2611 1659 2674 dialec·

401 2721 458 2774 tus.
502 2713 527 2775 si
551 2714 705 2796 vulgarem
729 2716 850 2778 modum
877 2716 1047 2798 probarem,
1071 2737 1159 2797 quem
1179 2715 1266 2777 etiam
1288 2713 1460 2777 Kaihelium
1480 2724 1566 2776 caute
1588 2734 1660 2776 sene

402 2825 535 2878 secutum
562 2817 662 2893 video,
690 2818 934 2901 philosophorum
963 2840 1142 2894 sermonem,
1170 2819 1221 2900 qui
1247 2817 1375 2898 elegiaco
1397 2816 1446 2880 vel
1468 2817 1550 2898 epico
1571 2837 1660 2881 versu

401 2926 534 2992 utuntur,
565 2919 603 2981 ad
625 2920 706 2982 Iadis
727 2922 827 3002 epicae
848 2943 983 2984 normam
1004 2922 1226 2984 recensuissem.
1270 2920 1311 2981 sic
1333 2919 1501 3000 quicunque
1522 2928 1592 2981 ante
1613 2941 1660 2981 me

401 3007 645 3102 philosophorum
661 3024 764 3105 poesin
779 3024 965 3106 collegerunt
978 3024 1047 3086 inde
1062 3023 1100 3086 ab
1111 3023 1244 3084 Henrico
1259 3021 1414 3102 Stephano
1425 3020 1543 3083 Galliae
1556 3022 1660 3085 decore

401 3142 496 3202 usque
518 3123 556 3185 ad
578 3146 646 3186 eum
667 3126 825 3202 hominem,
848 3128 899 3208 qui
913 3127 1098 3189 Germanum
1119 3145 1229 3188 nomen
1251 3122 1332 3204 apud
1353 3131 1468 3185 exteros
1488 3125 1590 3186 infami
1606 3145 1661 3186 sua

400 3223 634 3305 fragmentorum
656 3229 774 3310 sylloge
794 3229 1007 3305 dehonestavit,
1030 3249 1132 3292 omnes
1153 3228 1347 3290 Homericum
1368 3227 1496 3290 colorem
1518 3229 1582 3289 sine
1596 3225 1661 3288 ulla

402 3325 587 3391 dubitatione
611 3331 784 3413 fragmentis
811 3331 1009 3395 obduxerunt
1052 3352 1178 3413 quorum
1200 3330 1369 3408 exemplum
1390 3351 1444 3412 ego
1467 3329 1549 3410 sequi
1568 3327 1661 3391 nolui.

400 3449 471 3492 narn
507 3432 633 3496 Homeri
671 3435 802 3498 carmina
833 3435 1092 3517 grammaticorum
1124 3433 1399 3497 Alexandrinorum
1430 3452 1538 3495 manus
1570 3450 1661 3512 passa

402 3541 474 3594 sunt
494 3535 591 3597 varias
612 3538 743 3617 priorum
764 3539 908 3601 editiones
930 3538 1166 3619 comparantium
1184 3536 1462 3618 etexaequantium.
1506 3535 1538 3595 in
1553 3532 1660 3614 quibus

402 3642 491 3696 antea
517 3637 612 3700 multo
641 3639 779 3702 maiorem
808 3640 925 3703 dialecti
952 3640 1150 3704 diversitatem
1177 3638 1269 3701 fuisse
1297 3660 1335 3700 ex
1363 3638 1452 3701 variis
1484 3634 1660 3697 lectionibus

401 3737 604 3820 exemplorum
624 3741 709 3805 velut
729 3743 877 3806 Platonici
898 3743 1109 3805 et·Zenodotei
1129 3742 1233 3805 elucet.
1277 3741 1326 3822 qui
1349 3741 1436 3821 igitur
1457 3735 1661 3801 deficientibus

360 3833 369 3848 ’
402 3836 577 3923 plerumque
605 3842 838 3924 fragmentorum
864 3845 937 3925 ipsis
964 3845 1090 3908 testibus
1116 3845 1154 3907 ad
1185 3844 1264 3906 hanc
1285 3862 1419 3905 normam
1440 3840 1598 3903 dialectum
1618 3859 1661 3900 re·

403 3941 522 4004 stituere
544 3954 633 4026 atque
655 3948 755 4008 omnia
776 3947 814 4008 de
836 3946 938 4008 eadem
959 3946 1058 4009 fidelia
1079 3946 1210 4009 colorare
1232 3945 1356 4020 studeat,
1378 3945 1405 4006 ei
1426 3943 1588 4008 verendum
1609 3950 1660 4014 est,

403 4063 443 4104 ne
464 4044 552 4108 simul
574 4048 730 4128 peculiaris
753 4050 915 4124 sermonis,
937 4050 1094 4130 praecipue
1116 4049 1212 4110 Italici
1233 4057 1263 4109 et
1283 4047 1452 4122 Siciliensis,
1474 4056 1576 4108 tenera
1596 4065 1661 4107 ves·

403 4146 473 4228 tigia
494 4148 644 4212 oblitteret
663 4160 693 4213 et
714 4151 851 4215 obducat.
895 4152 979 4213 cuius
1001 4151 1116 4232 generis
1137 4172 1201 4212 non
1223 4150 1311 4212 nulla
1332 4148 1470 4231 exempla
1489 4149 1519 4209 in
1539 4148 1661 4209 adnota-

403 4249 484 4313 tione
511 4251 579 4312 dedi
607 4261 637 4314 et
658 4253 780 4316 omnino
801 4254 882 4316 hanc
904 4255 1047 4316 rationem
1069 4254 1100 4314 in
1122 4253 1298 4315 Parmenide
1319 4273 1384 4315 meo
1406 4249 1549 4332 (Berolini
1565 4252 1661 4325 1897)

403 4374 432 4434 p.
456 4356 496 4416 27
518 4364 549 4416 et
568 4355 601 4416 irr
622 4356 722 4418 Musei
743 4357 884 4419 Rhenani
906 4356 966 4420 vol.
988 4357 1067 4420 LVI
1088 4378 1117 4437 p.
1140 4360 1180 4418 35
1197 4377 1240 4437 sq.
1262 4355 1392 4419 defendi.
1434 4353 1573 4415 nimirum
1594 4351 1661 4413 titu-

402 4452 500 4517 lorum
522 4467 672 4522 erutorum
695 4460 873 4523 carminibus
899 4481 934 4522 ac
948 4460 1105 4541 praecipue
1119 4458 1241 4522 Solonis
1256 4458 1504 4539 Bacchylidisque
1519 4455 1661 4538 exemplis

403 4558 533 4640 antiquis
558 4562 680 4642 repertis
707 4562 745 4623 de
769 4562 887 4623 dialecti
915 4562 996 4643 apud
1021 4572 1125 4643 poetas
1147 4562 1314 4623 constantia
1335 4560 1440 4623 fortius
1462 4580 1551 4641 quam
1572 4568 1662 4621 antea

402 4660 537 4724 dubitare
551 4663 713 4727 didicimus.
758 4664 884 4727 forsitan
899 4685 975 4746 quae
989 4686 1072 4727 nunc
1086 4664 1239 4727 arbitraria
1252 4684 1317 4725 esse
1330 4663 1477 4737 videntur,
1492 4661 1562 4725 olim
1576 4681 1661 4723 secus

402 4784 435 4826 se
462 4763 571 4826 habere
599 4765 796 4848 intellegatur.
842 4788 925 4829 nunc
953 4766 1088 4848 equidem
1118 4766 1280 4847 quidquam
1307 4763 1498 4847 praeiudicati
1526 4765 1557 4824 irr
1580 4762 1661 4824 hanc
