4117 5617
882 562 907 614 δ.
922 556 1168 615 EMPEDOOLES

782 732 814 785 39
834 729 978 794 [199-201
997 728 1041 794 K,
1061 731 1195 783 146-148
1213 727 1263 793 ste]

501 819 567 871 1-3
578 814 680 869 Amsm.
692 813 728 870 do
739 813 814 870 caelo
825 813 849 867 B
860 817 900 869 13.
912 817 976 868 294ι
988 817 1020 867 21
1039 810 1067 868 οἱ
1077 813 1132 881 μέν
1142 812 1199 886 γὰρ
1212 809 1255 871 διό
1273 815 1364 870 ταῦτα
1376 808 1501 883 όκειρον
1517 809 1555 872 τό
1574 807 1653 872 κότον

398 905 447 973 τῆς
462 904 514 973 γῆς
531 894 606 957 εἶναί
622 917 718 970 φασιν,
736 891 780 955 ἐπ’
797 894 920 969 όπειρον
938 891 1025 969 αὐτὴν
1042 893 1217 970 ἐρριζῶσθαι
1227 895 1362 969 λέγοντες
1372 890 1473 970 ὥσπερ
1484 894 1654 972 Ξενοφάνης

398 981 415 1043 ό
435 979 625 1053 Κολοφώνιος
637 981 680 1049 [fr.
691 987 743 1048 28],
758 977 807 1040 ἱνα
823 977 861 1055 μὴ
880 973 1024 1054 πράγματ’
1042 976 1129 1053 ἔχωσι
1146 984 1297 1054 ζητοῦντες
1314 977 1366 1054 τὴν
1377 980 1482 1039 αἰτίαν·
1502 979 1549 1042 διό
1559 986 1609 1041 καὶ
1618 976 1653 1041 Ἐ.

398 1063 490 1136 οὕτως
501 1066 655 1139 ἐπέπληξεν
672 1064 763 1125 εἰκιόν
780 1061 820 1134 ὡς
833 1061 953 1138 ίεἴπερ
963 1097 997 1106 -
1011 1063 1170 1124 ἱδόντιυν’
1188 1066 1232 1133 [of.
1245 1067 1340 1137 SimpL
1352 1067 1389 1124 ad
1399 1067 1456 1124 h.1.
1470 1073 1530 1137 δ24,
1543 1072 1652 1140 θυρεός

396 1156 462 1211 inde
479 1153 585 1219 [Afiee]
602 1153 638 1209 do
654 1151 764 1208 MXG2
782 1168 810 1222 ρ.
823 1151 886 1206 9'16b
898 1155 940 1206 32.
1009 1155 1077 1206 2-3
1091 1150 1183 1207 cnm.
1200 1151 1298 1209 Strom
1311 1151 1352 1208 VI
1364 1156 1414 1208 149
1430 1169 1459 1222 p.
1471 1156 1521 1209 817
1534 1153 1567 1210 P.

550 1259 647 1340 εἴπερ
670 1261 836 1344 ἀπείρονα
858 1268 918 1346 γῆς
940 1280 977 1322 τε
999 1259 1094 1343 βάθη
1117 1259 1174 1321 καὶ
1197 1253 1346 1340 όαψιλός
1368 1260 1488 1346 αἰθήρ,

552 1365 598 1438 ὡς
621 1357 678 1424 όιό
702 1358 839 1424 πολλῶν
863 1357 902 1447 (ἱή
926 1359 1082 1445 γλώσσης
1104 1360 1255 1444 ρηθέντα
1277 1363 1433 1438 ματαίως

551 1466 721 1543 ἐκκέχυται
745 1465 932 1542 στομάτων,
957 1460 1070 1544 ὀλίγον
1093 1469 1155 1525 τοῦ
1175 1464 1305 1554 παντός
1327 1459 1480 1527 ἰδόντων.

499 1584 514 1634 2
532 1573 662 1652 γλιόσσης
672 1577 724 1633 As.
737 1578 802 1634 caol.
821 1575 943 1650 [γλιόσση
955 1577 997 1644 Ε],
1015 1576 1111 1632 (Ποσει
1129 1574 1262 1649 βροτέων
1281 1575 1474 1640 memma
1526 1575 1651 1651 ῥηθέντα

396 1663 456 1733 Ar„
475 1663 557 1730 [Ar.];
575 1657 701 1720 ἐλθόντα
719 1661 804 1718 Glem.
874 1666 889 1717 3
907 1655 1028 1719 εἰδότων
1046 1660 1138 1728 Olem„
1155 1660 1207 1716 As.
1219 1661 1284 1717 caol.
1297 1661 1386 1718 oodex
1397 1662 1424 1716 Η

870 1835 904 1886 4ο
922 1835 981 1896 [186
999 1831 1043 1898 Κ,
1063 1834 1112 1885 149
1130 1830 1179 1895 σι]

498 1917 585 1974 Ρτστ.
604 1917 640 1972 de
656 1915 708 1971 έσο
726 1914 756 1970 in
773 1914 832 1971 orb.
850 1915 905 1972 lun.
923 1921 939 1971 2
956 1932 984 1986 p.
996 1914 1080 1971 9200
1098 1904 1138 1980 οἱς
1156 1933 1214 1972 που
1230 1917 1280 1972 καὶ
1296 1908 1336 1973 Ἐ.
1354 1913 1405 1973 τόν
1422 1913 1571 1988 ἑκατέρων
1583 1910 1652 1976 όπο·

396 2005 510 2061 δίδωσιν
520 1996 573 2061 οόκ
584 1994 678 2074 όηόώς
686 1993 840 2071 διαφοράν·
852 1993 1009 2068 ζόῖλιος-
1019 1993 1165 2072 σελήνη,
1177 1996 1212 2058 τό
1224 1997 1380 2074 ἐπαγωγόν
1393 1993 1479 2074 αότῆς
1488 2006 1540 2060 καὶ
1553 1999 1653 2076 ἱλαρόν

395 2091 444 2145 καὶ
461 2085 572 2146 άλυπον
589 2078 667 2144 οότιο
684 2075 927 2157 προσαγορεύσας
977 2085 1105 2141 Hmcn.
1124 2081 1265 2157 ἱλάειρα
1283 2081 1416 2158 σελήνη.

549 2193 645 2279 ἥλιος
669 2188 828 2279 ὀξυβελὴς
849 2183 906 2276 ἠδ’
932 2189 1065 2278 ἱλάειρα
1090 2190 1209 2277 σελήνη

501 2302 635 2381 ὀξυβελὴς
660 2308 805 2366 hmebus
829 2305 863 2362 ef.
880 2306 914 2361 fr.
933 2311 974 2374 83,
992 2311 1020 2362 2:
1046 2300 1180 2379 όξυμελὴς
1204 2306 1277 2362 Plut.
1345 2299 1391 2378 ἧδ’
1418 2297 1455 2365 αό
1481 2304 1594 2379 ἱλάειρα
1619 2325 1653 2364 ox

396 2394 535 2466 Hesychio
552 2393 708 2464 xylender:
726 2388 742 2448 ἱ
758 2393 787 2450 δέ
804 2387 890 2462 λάιρα
907 2392 980 2447 Plut.
997 2392 1073 2459 (BE).
1108 2385 1220 2462 ἱλάειρα
1238 2388 1396 2448 detenditur
1410 2388 1494 2458 ἱλαος
1510 2393 1538 2449 Α
1552 2398 1601 2449 583
1619 2393 1653 2449 de

397 2495 453 2550 quo
470 2495 498 2534 v.
517 2477 631 2535 Schulzo
650 2478 758 2549 ρυοιεδ.
777 2494 818 2546 ομ.
830 2480 863 2532 68

868 2651 901 2701 41
922 2649 980 2711 [187
999 2646 1044 2713 K„
1063 2651 1111 2702 150
1130 2647 1179 2711 St]

500 2732 647 2789 Smucns
666 2738 809 2799 oxoerptus
826 2746 869 2800 ap.
887 2730 1007 2787 Maerob.
1024 2730 1081 2787 Sat
1092 2730 1107 2785 I
1120 2736 1161 2798 17,
1172 2734 1205 2786 46
1217 2726 1237 2803 ἢ
1250 2721 1296 2788 ότι
1309 2730 1532 2799 συναλιοθέντος
1544 2735 1653 2790 πολλοῦ

397 2817 488 2887 πυρός
502 2821 660 2899 1περιπολεῖ
673 2819 707 2871 υἱ
722 2816 765 2873 ait
779 2815 957 2885 Empedocles
977 2808 1115 2873 (οὕνεκ’
1138 2809 1392 2883 όναλισθεὶς-
1404 2808 1652 2888 άμφιπολεόει’

397 2909 426 2958 et
440 2902 552 2959 Barroc.
565 2907 597 2957 50
614 2901 734 2969 (Ommor
744 2903 783 2957 A.
796 2901 827 2958 0.
839 2900 868 2956 11
879 2905 938 2968 427,
950 2905 994 2967 29)
1010 2894 1046 2958 Ἐ.
1059 2893 1151 2958 (ἀλλ’
1163 2931 1198 2941 -
1209 2894 1348 2973 όμφιπο
1357 2895 1450 2960 λεόει
1467 2900 1511 2967 [of.
1523 2901 1566 2958 Io.
1578 2902 1653 2958 Mau·

396 3004 455 3058 rep.
467 2988 559 3058 Etym.
576 3004 604 3057 p.
618 2992 675 3055 ιιι,
694 2990 726 3041 υτ
749 2986 792 3042 ιο
811 2985 1004 3051 Reitzenstein]
1026 2992 1056 3041 et
1078 2986 1122 3042 Ει
1141 2986 1213 3043 Gud.
1231 2991 1290 3053 νιν,
1307 2991 1339 3041 21
1351 2979 1387 3043 Έ.
1399 2986 1429 3043 σε
1443 2979 1532 3045 ‘em'
1544 2980 1653 3058 -ᾰμ

397 3063 588 3145 φιπολεόει.
617 3072 691 3127 idem
702 3075 761 3137 242,
772 3075 806 3125 45
824 3065 934 3143 ἢπαρό
953 3069 988 3127 τό
1002 3067 1088 3137 όλεος
1100 3115 1107 3129 .
1119 3115 1146 3128 ..
1164 3070 1239 3143 λέγει
1255 3070 1313 3144 γάρ
1324 3074 1373 3128 καὶ
1388 3064 1425 3129 Ἐ.
1438 3065 1531 3130 (ἀλλ’
1543 3103 1578 3115 -
1590 3065 1653 3144 όμ·

396 3175 463 3229 φιπ
471 3150 598 3215 ολεόει’
609 3156 655 3213 Et„
664 3156 700 3210 Μ.
709 3160 769 3223 426,
779 3161 811 3211 54
823 3155 936 3228 λέγεται
947 3153 1004 3228 γάρ
1017 3160 1063 3220 [sc.
1072 3149 1159 3228 ἥλιος]
1173 3155 1254 3227 παρό
1266 3155 1301 3214 τό
1314 3152 1404 3226 όλὶζιυ
1417 3156 1452 3214 τό
1466 3159 1653 3229 συναθροίζει

397 3237 437 3309 οἱς
453 3237 489 3299 Ἐ.
503 3235 592 3300 “όλλ’
604 3272 639 3282 -
651 3234 915 3313 όμφιπολεόει’,
934 3241 1009 3298 said,
1021 3259 1044 3296 ε.
1055 3258 1084 3297 v.
1102 3234 1189 3312 ἥλιος.
1224 3235 1412 3314 Ἐμπεδοκλῆς
1424 3235 1609 3302 ιόλεῖσθαι
1619 3272 1654 3284 -

396 3319 650 3399 άμφιπολεόει’
701 3318 1208 3396 Ηειετοειόλισθεὶςιόθροισθείς

552 3425 629 3496 ἀλλ’
655 3435 674 3495 ό
695 3435 756 3515 μέν
779 3430 939 3508 ἁλισθεὶς
960 3437 1065 3514 μέγαν
1089 3436 1230 3519 οὐρανόν
1253 3430 1495 3519 ἀμφιπολεύει.

499 3539 566 3606 ἄλλ’
585 3541 602 3603 ό
619 3547 674 3617 μέν
690 3539 818 3612 όιλισθεὶς
834 3545 879 3601 Et„
890 3545 927 3599 Μ.
940 3545 1011 3600 Gud.
1023 3545 1071 3600 alt.
1082 3546 1100 3600 l.
1118 3546 1163 3613 (cf.
1175 3547 1308 3619 Hesych):
1327 3540 1394 3606 ἄλλ’
1413 3542 1429 3604 ό
1447 3548 1501 3618 μὲν
1518 3543 1655 3607 ἆλεῑσθαι

396 3631 517 3701 Βεεοοο,
530 3630 611 3698 Gne,
624 3631 736 3698 Suidee)
755 3623 852 3689 οὕνεκ’
870 3623 1035 3696 άναλισθεὶς
1051 3630 1133 3688 Μοοε.
1184 3631 1275 3703 μέσον
1292 3633 1337 3689 Et.
1348 3633 1394 3700 M„
1413 3631 1485 3688 (λιτὰ
1497 3633 1546 3688 alt.
1559 3633 1612 3690 loc.

397 3709 555 3788 όμφιπολεῑ
570 3716 683 3772 Baroee.

783 3873 817 3923 42
837 3871 983 3934 [194-196
1000 3868 1045 3935 K,
1065 3873 1199 3925 157-159
1217 3871 1266 3936 St]

499 3952 587 4009 PLu'r.
604 3952 640 4009 de
656 3952 708 4008 fac.
726 3953 755 4008 in
772 3954 840 4010 orbo
855 3954 912 4008 lun.
931 3959 963 4009 16
980 3971 1007 4024 p.
1020 3954 1103 4010 92θῦ
1119 3953 1194 4013 κατά
1214 3950 1355 4026 στάθμην,
1377 3958 1446 4027 φησὶ
1463 3951 1654 4030 Δημόκριτος,

397 4037 532 4109 ἱσταμένη
550 4042 603 4095 τοῦ
620 4041 799 4110 φωτίζοντος
815 4034 1015 4115 ὑπολαμβάνει
1030 4043 1081 4097 καὶ
1097 4041 1210 4116 δέχεται
1227 4038 1280 4098 τόν
1301 4033 1395 4111 ἥλιον·
1418 4031 1487 4097 ὥστ’
1510 4034 1600 4114 αὐτόν
1621 4060 1654 4099 τε

397 4124 556 4195 φαίνεσθαι
576 4126 626 4180 καὶ
649 4125 808 4196 διαφαίνειν
831 4121 943 4182 ἐκεῖνον
969 4122 1048 4191 εἰκός
1068 4116 1112 4196 ἦν.
1138 4121 1155 4198 ἦ
1177 4127 1207 4184 δέ
1230 4128 1340 4183 πολλοῦ
1366 4128 1409 4182 δεῖ
1433 4129 1521 4183 τοῦτο
1550 4135 1653 4185 ποιεῖν·

398 4199 469 4279 αὐτή
486 4228 518 4266 τε
535 4205 591 4281 γάρ
609 4204 714 4281 όδηλός
731 4207 792 4266 ἐστι
809 4212 962 4282 τηνικαῦτα
979 4202 1115 4268 κάκεῑνον
1137 4203 1288 4282 άπέκρυψε
1304 4213 1353 4268 καὶ
1374 4202 1498 4283 η’φάνισε
1515 4208 1655 4278 πολλάκις

393 4286 657 4352 “όπεσκεόασεν
687 4294 721 4351 δέ
750 4292 782 4350 οἱ
812 4287 934 4366 αόγάς’
960 4285 1060 4368 όόσπερ
1083 4299 1169 4367 φησὶν
1197 4289 1234 4353 'E
1257 4290 1355 4354 ιλ’στε
1383 4289 1654 4370 αἱαν-μὴνης’,

397 4378 533 4450 καθάπερ
551 4379 592 4446 εἰς
603 4375 690 4436 νόκτα
702 4381 752 4435 καὶ
764 4372 870 4444 σκότος
883 4372 935 4436 οόκ
946 4378 987 4445 εἰς
998 4376 1109 4450 όστρον
1119 4377 1221 4452 έτερον
1232 4386 1285 4440 τοῦ
1296 4376 1396 4454 φωτός
1414 4376 1595 4450 ἐμπεσόντος
1606 4420 1615 4437 .
1627 4427 1634 4441 .
1647 4425 1653 4438 .

397 4457 587 4522 άπολεὶνιεται
604 4465 702 4521 τοίνυν
719 4461 753 4522 τό
772 4468 825 4522 τοῦ
843 4457 1073 4533 Ἐμπεδοκλέους,
1091 4459 1248 4525 άνακλάσει
1266 4472 1320 4527 τινὶ
1337 4471 1391 4526 τοῦ
1407 4461 1490 4538 ἢλὶου
1508 4463 1586 4538 πρὸς
1602 4466 1654 4539 τὴν

398 4546 516 4621 σελήνην
532 4551 685 4622 γίγνεσθαι
701 4549 755 4607 τόν
772 4547 898 4607 ἐνταῦθα
916 4547 1067 4621 φωτισμόν
1084 4543 1134 4608 ἀπ’
1152 4543 1260 4623 αότῆς.’
1274 4547 1346 4613 ὅθεν
1369 4548 1434 4613 οὐδὲ
1450 4550 1566 4623 θερμόν
1589 4547 1654 4611 οόόὲ

397 4633 533 4704 λαμπρόν
554 4628 717 4707 άφικνεῖται
737 4631 814 4706 πρός
834 4632 917 4705 ἡμᾶς,
944 4627 1043 4705 ὥσπερ
1065 4625 1101 4706 ἦν
1123 4632 1208 4703 εἰκός,
1226 4630 1356 4717 ἐξάψεως
1372 4639 1421 4694 καὶ
1437 4639 1543 4706 μὶξειυς
1560 4639 1653 4717 (τῶν)

397 4710 504 4789 φιότιυν
521 4719 713 4791 γεγενημένης,
732 4712 793 4778 ἀλλ’
812 4713 876 4776 οἱον
894 4715 927 4776 αἱ
941 4739 972 4777 τε
990 4724 1085 4792 φωναὶ
1101 4717 1177 4778 κατόι
1196 4716 1248 4788 τόις
1265 4716 1437 4790 άνακλόσεις
1449 4715 1653 4798 άμαυροτέραν
