4117 5617
406 563 467 624 136
886 567 911 617 5.
927 559 1173 619 EMPEDOOLES

403 739 490 793 τοῦτο
502 737 598 799 καλῶς
616 732 691 804 λέγει
708 724 744 789 'Iti
756 725 879 804 ποιήσας
891 725 900 749 ‘
910 724 999 789 οὕτω
1010 762 1046 772 -
1057 724 1201 798 ἐλαίας’.
1229 725 1264 788 τό
1283 751 1315 789 τε
1327 729 1384 805 γὰρ
1397 724 1469 790 ώιόν
1485 726 1579 804 κήημιί
1599 731 1662 792 ἐστι

402 824 453 878 καί
470 814 502 877 ἔκ
519 838 597 884 τινος
614 810 703 874 αὐτοῦ
720 818 847 889 γίγνεται
864 815 899 872 τό
918 819 1007 884 ζῶιον
1028 813 1063 873 τό
1087 816 1117 874 δέ
1134 813 1239 874 λοιπόν
1262 813 1365 889 τροφή,
1385 819 1435 874 καὶ
1451 814 1484 875 ἐκ
1501 821 1555 876 τοῦ
1572 820 1661 891 σπέρ-

403 925 497 974 ματος
512 906 562 961 καὶ
579 899 611 959 ἐκ
628 902 735 976 μὲρους
751 902 880 974 γίγνεται
897 897 933 958 τό
950 896 1107 973 φυόμενον,
1125 922 1160 960 το
1151 899 1209 960 tt
1226 898 1331 959 λοιπὸν
1348 898 1443 975 τροφή
1461 905 1591 976 γίγνεται
1609 912 1662 965 τῶι

403 993 532 1064 βλαστῶι
549 992 599 1047 καί
615 995 662 1059 τῆι
680 985 755 1060 ῥίζηι
772 990 817 1056 τῆι
834 982 969 1088 πρώτηι.
991 985 1109 1056 [Philop.
1122 986 1198 1042 ach.
1209 987 1227 1041 l.
1238 986 1258 1041 1.
1271 992 1303 1043 31
1322 987 1398 1059 λέγει
1415 987 1445 1045 δὲ
1461 986 1569 1059 μικρὰ
1588 991 1661 1048 δέν-

404 1079 488 1145 δρεα
506 1076 572 1138 [καὶ]
591 1065 766 1138 ἐλαίας
736 1091 789 1137 τας
800 1065 928 1142 πυρῆνας
945 1060 987 1128 ών
1004 1066 1040 1128 τό
1049 1066 1406 1175 περικάρπιονέσθίομεν.
1436 1065 1500 1131 όντὶ
1517 1080 1590 1148 γοῦν
1607 1081 1661 1137 τοῦ

404 1153 517 1218 εἰπεῖν
527 1151 619 1216 οὕτω
636 1151 673 1215 τὰ
691 1156 791 1226 δένδρα
809 1176 840 1212 αι
830 1153 950 1213 ἐλαῖαι
968 1159 1108 1229 γεννῶσιν
1125 1148 1277 1224 ἐλαίας,
1255 1177 1296 1214 ων
1313 1156 1344 1214 αἱ
1360 1161 1483 1229 πυρῆναι
1500 1158 1533 1218 ἐν
1550 1166 1597 1234 τῆι
1613 1169 1660 1236 γῆι

404 1252 559 1317 σπαρεῖσαι
576 1246 696 1314 πρῶτον
718 1241 772 1310 μὲν
788 1242 919 1314 γίνονται
943 1233 1086 1307 ἐξαῦτῶν
1107 1239 1195 1314 μικρᾶ
1218 1240 1328 1314 δένδρα,
1352 1235 1412 1300 εἶθ’
1429 1235 1529 1348 οῧτσως
1552 1243 1660 1307 ἐλαῖαι’

403 1323 505 1388 εἶπενι
515 1348 605 1388 ουτω
622 1319 693 1384 δ”
668 1317 874 1383 ωιοτοκεῑ’.
887 1325 1034 1398 ..δένδρα
1052 1327 1082 1385 δὲ
1103 1348 1191 1398 μικρα
1182 1321 1400 1385 ἐκόλεσεν’
1364 1323 1460 1397 αυτός,
1479 1321 1524 1389 ότι
1541 1328 1660 1403 δυνάμει

403 1413 505 1486 δένδρα
523 1411 619 1490 ἐστίν]
654 1412 805 1468 mom.
818 1365 988 1481 1111111111,
999 1411 1030 1465 A
1043 1417 1095 1479 7,1
1114 1434 1150 1471 τα
1141 1409 1199 1471 δὲ
1216 1412 1368 1484 σπέρματα
1381 1411 1500 1472 πάντων
1517 1410 1576 1487 ἔχει
1593 1416 1658 1476 τινὰ

402 1496 514 1571 τροφήν
532 1496 609 1555 ἐν
577 1506 683 1564 αυτοῖς,
702 1491 970 1569 ήσυναποτίκτεται
987 1499 1033 1564 τῆι
1051 1489 1135 1570 αρχῆι
1145 1493 1282 1601 καθάπερ
1294 1497 1326 1557 ἐν
1336 1508 1398 1566 τοῖς
1411 1491 1499 1566 ώιοῑς·
1516 1490 1544 1568 ήι
1556 1506 1606 1559 καί
1624 1496 1659 1560 οὐ

401 1587 499 1651 κακῶς
510 1575 699 1654 Ἐμπεδοκλῆς
716 1579 812 1685 ειρηκε
824 1575 945 1648 φιίσκων
958 1574 1147 1681 ώιοτοκεῑν
1163 1603 1282 1653 μακρα
1273 1580 1452 1654 δένδρεα
1470 1580 1658 1660 παραπλήσια

402 1666 460 1742 γὰρ
478 1673 537 1726 τῶν
561 1663 736 1739 σπερμάτων
757 1661 774 1739 ή
797 1661 881 1740 φύσις
903 1675 965 1733 τοῖς
982 1659 1071 1733 ώιοτς.
1106 1667 1150 1721 Ex
1166 1667 1218 1722 Ax.
1236 1668 1341 1723 1111111
1358 1669 1487 1724 1111111111
1504 1670 1539 1725 de
1555 1672 1659 1741 plantis

402 1758 453 1810 ct
470 1770 498 1823 p.
512 1758 553 1820 11,
567 1758 598 1808 13
615 1753 710 1826 Meyer
726 1752 849 1822 διἀίίηαε
867 1752 932 1807 benc
948 1752 1094 1808 Atnwatw
1114 1751 1187 1821 quod
1204 1753 1315 1808 arbom
1332 1753 1405 1808 altae
1417 1753 1511 1823 pullos
1525 1761 1661 1826 petierant

403 1839 488 1910 [quod
504 1838 588 1896 foede
604 1837 794 1908 pessumdedit
810 1853 925 1908 graecus
942 1853 969 1908 q.
986 1837 1014 1892 d.
1029 1837 1119 1892 111111.
1136 1837 1172 1892 de
1186 1837 1289 1907 plantis
1305 1854 1333 1907 p.
1350 1841 1412 1892 817·
1422 1842 1464 1904 36]
1483 1838 1518 1895 ci.
1535 1841 1567 1895 A
1580 1846 1612 1896 70
1630 1859 1658 1912 p.

402 1927 444 1991 95,
455 1928 489 1978 20
498 1938 560 1993 sqq.

557 2032 644 2092 οὕτω
669 2021 703 2091 5'
729 2031 890 2092 ώιοτοκεῖ
905 2030 1016 2114 μακρὰ
1041 2025 1178 2114 δένδρεα
1202 2037 1340 2115 πρῶτον
1362 2027 1488 2106 ἐλαίας.

505 2148 519 2199 1
537 2142 634 2216 μακρὰ
646 2141 784 2212 Theophr.
793 2141 844 2196 Ar.
856 2141 877 2196 Z
888 2141 989 2198 Nicol:
1001 2138 1091 2213 μικρᾶ
1102 2141 1233 2197 A1.PSY
1243 2142 1365 2212 Philop.;
1377 2144 1519 2216 intelleget
1531 2163 1546 2200 c
1556 2147 1659 2204 11111111

399 2244 488 2298 parvo
506 2244 622 2298 ναορυοε
640 2227 751 2282 arbores
768 2229 934 2282 enascuntur
985 2222 1081 2299 ἐλαίης
1098 2225 1219 2297 Scaliger

871 2383 903 2433 80
930 2383 980 2433 246
998 2379 1043 2444 Κ.,

502 2378 1657 2562 1111.1111111111.71,1[ρ.111121211υὲ11111ουιιφαμειημειςμεερι

401 2549 548 2623 λέγεσθαι·
566 2540 664 2606 τοῦδ’
677 2540 899 2618 Ἐμπεδοκλέους
916 2543 1067 2619 εἰρηκότος

554 2658 685 2719 οὕνεκεν
709 2657 872 2738 ὀψίγονοί
893 2676 929 2718 τε
954 2652 1050 2718 σίδαι
1070 2658 1128 2718 καὶ
1143 2655 1339 2743 ὑπέρφλοια
1361 2655 1451 2743 μῆλα

400 2790 435 2827 το
426 2767 507 2840 μέν
524 2774 584 2827 τῶν
603 2774 689 2826 σιδῶν
705 2767 847 2827 ἐπίθετον
864 2779 952 2836 νοεῖν,
971 2762 1015 2826 ὅτι
1032 2790 1084 2827 του
1073 2765 1289 2842 φθινοπώρου
1306 2766 1446 2845 λήγοντος
1462 2768 1513 2845 ήδη
1529 2779 1581 2832 καὶ
1598 2780 1660 2833 τῶν

398 2849 556 2926 καυμότων
566 2856 789 2926 μαραινομένων
806 2850 1025 2912 ἐκπέττουσι
992 2875 1046 2912 τον
1063 2849 1193 2927 καρπόν·
1212 2850 1321 2928 ἀσθενῆ
1332 2854 1390 2929 γάρ
1403 2849 1498 2914 αὐτῶν
1510 2856 1563 2930 τήν
1573 2854 1659 2933 ΰγρό·

399 2961 469 3012 τητα
487 2944 537 2998 καὶ
553 2942 693 3044 γλίσχραν
712 2930 802 2998 οὖσαν
820 2932 873 2997 οὔκ
889 2938 935 2999 lca
946 2944 1048 3013 λαβεῖν
1060 2958 1197 2998 συστασιν
1215 2937 1231 2998 5
1251 2934 1367 3013 ήλιος.
1382 2939 1438 3000 ,τᾶ
1455 2943 1485 3001 δέ
1501 2947 1577 3014 μῆλα
1588 2938 1659 3002 καθ’

398 3018 497 3094 ήντινα
516 3019 680 3083 διόνοιανὸ
704 3022 798 3098 σοφός
820 3019 1021 3095 ὓπέρφλσια
1045 3020 1248 3097 προσειρήκοι,
1269 3031 1458 3096 διαπορεῖν..
1471 3031 1660 3098 ,1111111111

398 3109 432 3165 fr.
446 3114 600 3175 148—150).
635 3115 660 3165 3.
678 3099 866 3176 εἰπόντος
832 3129 883 3166 ουν
900 3106 974 3169 lucc
990 3114 1091 3178 ταῦτα,
1108 3113 1306 3182 γραμματικοί
1327 3131 1403 3178 τινες
1424 3107 1537 3181 ἐφασαν
1554 3106 1659 3185 ὑπέρ·

399 3201 508 3267 φλοια
526 3195 658 3267 λελέχθαι
676 3192 712 3254 vt
729 3199 805 3266 μῆλα
823 3192 867 3252 διοὶ
886 3191 938 3267 τήν
955 3187 1061 3267 οἷκμήν·
1079 3193 1114 3253 τό
1133 3194 1192 3268 γοὶρ
1210 3193 1285 3268 ἄγαν
1297 3189 1435 3266 οἷκμιέζειν
1446 3200 1496 3253 καὶ
1507 3198 1659 3270 τεθηλέναι

399 3283 512 3352 φλοίειν
528 3280 586 3338 ὑπό
605 3285 664 3338 τῶν
681 3284 809 3352 ποιητῶν
826 3279 963 3352 λε’γεσθαι
981 3281 1110 3346 (citantur
1126 3281 1312 3337 Antimachus
1329 3283 1493 3349 11Α111111,
1516 3279 1659 3352 Διόνυσος

400 3370 524 3433 Φλοῖος).
559 3363 622 3424 ἐπεὶ
638 3367 737 3423 τοίνυν
754 3359 877 3433 μάλιστα
896 3369 955 3422 τῶν
972 3369 1096 3435 καρπῶν
1113 3359 1129 3436 ή
1150 3360 1300 3439 χλωρότης
1316 3371 1366 3424 καί
1382 3367 1417 3425 τό
1436 3368 1588 3440 τεθηλέναι
1604 3375 1659 3427 τῶι

397 3446 488 3524 μήλωι
514 3449 674 3521 παραμένει
698 3445 924 3522 ὑπέρφλοιον
946 3443 1017 3508 αὐτό
1042 3448 1094 3507 τόν
1114 3445 1279 3523 φιλόσοφον
1299 3457 1542 3524 προσαγορεῦσαι,
1576 3461 1659 3526 Δαμ-

398 3539 486 3608 πρίας
503 3529 531 3593 δ’
550 3531 567 3593 5
586 3530 707 3602 πάππος
722 3529 844 3607 ήμῶν..
857 3529 943 3606 ἕδρα
961 3528 1072 3592 τοίνυν’
1090 3532 1143 3608 ἐφη
1156 3530 1207 3608 “μή
1226 3533 1301 3607 πρός
1318 3542 1405 3596 τοῦτο
1418 3542 1529 3606 μᾶλλον
1548 3533 1657 3610 ὂἙμπ.

399 3623 539 3692 πεποίηκε
557 3616 592 3678 τι)
615 3614 798 3678 ἐπίθετον
779 3642 824 3678 οτι
847 3625 907 3678 τῶν
929 3617 1025 3679 ἄλλων
1050 3625 1174 3692 καρπῶν
1196 3619 1232 3679 τό
1260 3617 1406 3689 ἔξωθεν
1392 3621 1450 3680 υπό
1477 3628 1530 3681 τοῦ
1552 3630 1659 3696 φλοιοῦ

398 3707 651 3792 περιεχομένων.
663 3701 701 3764 5
721 3710 773 3765 τοῦ
787 3701 879 3779 μήλου
897 3705 1001 3779 φλοιός
1017 3702 1102 3774 ἐντός
1118 3705 1187 3774 ἐστι,
1204 3703 1348 3809 κολλώδης
1362 3705 1452 3781 χιτών
1461 3711 1513 3765 καὶ
1524 3705 1658 3780 λιπαρός,

398 3793 433 3848 ώι
450 3793 640 3894 προσίσχεται
658 3790 694 3850 τό
713 3791 834 3863 σπέρμα.
869 3790 904 3850 τό
923 3790 950 3849 δ’
970 3788 1108 3862 ἐδώδιμον
1125 3788 1234 3860 ἔξωθεν
1252 3786 1342 3852 αὖτῶι
1359 3796 1563 3864 περικείμενον
1579 3790 1657 3851 εἰκό·

397 3897 455 3943 τως
471 3871 695 3948 ὑπέρφλοιον
712 3871 903 3948 ώνόμαοται.

499 3978 772 4035 11111111Ρ111111111
794 3981 955 4050 quaestione
977 3980 1114 4036 iudicatur
1130 3981 1215 4050 (prior
1236 3980 1382 4049 explicatio
1400 3981 1478 4036 vocis
1495 3974 1657 4051 ὑπέρφλοα,

396 4065 672 4135 α1ρ1οι11111111111111111
689 4081 741 4120 nec
752 4072 844 4122 tamen
856 4066 1029 4122 scribendum
1048 4072 1098 4133 eet,
1116 4067 1176 4123 cola
1186 4066 1321 4122 rationem
1338 4065 1435 4136 habet3
1453 4073 1483 4121 at
1494 4065 1528 4122 11.
1539 4066 1656 4123 Lobeck

396 4149 495 4207 Rbem.
511 4167 539 4220 p.
557 4154 608 4218 31),
631 4151 825 4220 distinguenda
842 4159 907 4207 sunt
925 4153 1000 4208 σίδαι
1022 4152 1134 4221 (punica
1157 4152 1238 4218 mala)
1261 4157 1289 4207 et
1310 4156 1384 4223 μῆλα
1408 4151 1488 4216 (mala
1508 4152 1656 4223 vulgarit),

397 4252 469 4306 quae
484 4236 572 4307 vulgo
591 4235 763 4293 confundunt
779 4235 950 4307 inteipretee.
985 4235 1021 4292 de
1039 4237 1113 4292 σῖδαι
1131 4236 1165 4292 11.
1177 4236 1304 4293 1111111111
1321 4237 1357 4292 ad
1375 4235 1441 4292 Gall.
1452 4253 1480 4307 p.
1491 4241 1552 4292 147.

870 4393 902 4444 81
922 4394 982 4456 [241
1000 4390 1045 4456 K,
1062 4393 1112 4445 221
1132 4389 1181 4453 St]

499 4474 587 4530 Pium.
601 4472 711 4538 Quaest
723 4479 808 4529 11111
826 4490 854 4544 p.
867 4473 946 4530 9120
969 4478 1029 4531 τῶν
1052 4467 1080 4530 δ’
1105 4467 1236 4548 ὀμβρίων
1258 4472 1293 4531 τό
1318 4471 1479 4545 εὔτρεπτον
1501 4473 1532 4531 αἱ
1554 4469 1656 4548 σήψεις

395 4563 619 4631 κατηγοροῦσιν,
645 4550 841 4629 εὖσηπτοτέρα
867 4552 924 4631 γόρ
946 4555 1006 4616 ἐστι
1033 4563 1093 4616 τῶν
1118 4562 1270 4629 ποταμίων
1291 4563 1341 4617 καὶ
1362 4561 1556 4633 φρεατιαίων·
1584 4555 1601 4634 ή
1626 4561 1656 4620 δὲ

396 4643 483 4714 πέψις
509 4639 602 4701 ἔοικεν
628 4638 701 4701 εἶναι
728 4647 812 4715 σῆψις
835 4637 875 4710 ῶς
896 4636 1086 4716 Ἐμπεδοκλῆς
1102 4654 1243 4715 μαρτυρεῖ
1258 4644 1350 4718 λέγων
1371 4640 1482 4713 (οἶνος
1495 4677 1526 4686 -
1539 4639 1654 4717 ὕδωρ.

395 4728 463 4785 ibic
476 4733 509 4784 31
527 4745 554 4798 p.
566 4729 647 4786 9190
670 4724 689 4801 ή
710 4723 812 4800 φῦ<σει
833 4727 993 4801 σηπτικὸν)
1012 4726 1047 4787 τὰ
1074 4729 1191 4797 οἰνῶδές
1213 4727 1290 4788 ἐστιν
1313 4724 1353 4798 ώς
1375 4751 1460 4805 φησιν
1479 4724 1516 4789 Ἑ.
1552 4727 1655 4790 οἶνον
