4117 5617
449 575 510 634 180
998 572 1023 623 9.
1042 566 1159 623 ΤΙΜΟΝ

523 741 600 812 Ὅτι
625 749 686 825 μέν
715 745 773 808 ούν
802 745 971 828 ἀμήχανόν
1000 744 1075 804 ἐστι
1102 740 1307 827 φιλοσοφεῖν
1335 744 1394 803 τόν
1421 747 1551 822 τρόπον
1583 753 1704 809 τοῦτον
1714 746 1750 806 25

448 854 609 938 φανερόν·
635 851 689 910 ὅτι
704 844 740 910 δὲ
762 848 820 908 καί
839 847 934 930 παρά
959 847 1063 930 φύσιν
1084 847 1141 907 καί
1157 847 1251 928 παρά
1275 846 1354 919 τούς
1368 848 1502 923 νόμους,
1525 845 1589 910 ὡδί
1611 852 1705 912 κατί-

448 951 563 1031 δοιμεν
579 953 630 1013 άν.
664 951 696 1011 εί
710 950 772 1034 γάρ
797 945 835 1034 δη
853 955 917 1009 τῶι
932 949 1004 1008 όντι
1026 947 1069 1007 τά
1085 949 1267 1030 πράγματα
1284 954 1424 1008 τοιαῦτα
1441 947 1503 1034 εἴη,
1526 951 1561 1011 τί
1580 948 1704 1013 λοιπόν

448 1043 524 1116 ἀλλ’
555 1054 575 1137 η
598 1052 759 1129 καθάπερ
783 1051 818 1111 ἐν
839 1051 953 1111 ύπνωι
975 1043 1031 1134 ζῆν
1056 1052 1143 1133 ημᾶς
1172 1050 1259 1134 είκῆι
1286 1051 1343 1111 καί
1371 1048 1589 1135 ἐμπλήκτως,·
1616 1055 1703 1116 ὥστε

411 1154 632 1242 οφλυαροῖεν
660 1154 701 1214 ἀν
730 1154 764 1214 οί
791 1153 981 1229 νομοθέται
1008 1152 1065 1212 καί
1100 1152 1282 1236 στρατηγοί
1314 1153 1371 1213 καί
1404 1155 1438 1214 οί
1471 1150 1702 1231 παιδεύοντες.

448 1248 523 1318 ἀλλ’
552 1258 666 1337 ἐμοιγε
695 1250 851 1315 δοκοῦσιν
880 1254 913 1314 οῖ
940 1254 1002 1331 μίν
1031 1248 1130 1314 ἄλλοι
1161 1254 1288 1328 πάντες
1317 1255 1502 1337 άνθρωποι
1531 1249 1588 1341 ζῆν
1618 1260 1703 1319 κατὰ

450 1361 563 1444 φύσιν,
590 1359 691 1435 μόνοι
718 1359 836 1433 μέντοι
863 1355 1099 1440 τετυφῶσθαι,
1128 1352 1258 1432 μᾶλλον
1294 1351 1329 1417 δὲ
1362 1362 1546 1440 μεμηνέναι
1577 1362 1704 1437 μανίαν

448 1463 637 1545 ἐρρωμένην
660 1459 694 1520 οῖ
716 1464 827 1518 ταῦτα.
842 1453 1028 1541 ληροῦντος.
1117 1459 1176 1535 ούχ
1197 1458 1317 1541 ηκιστα
1340 1460 1577 1534 μέντοιτοῦτο
1601 1461 1748 1523 κατα-26

447 1562 561 1640 μάθοι
582 1581 635 1635 τις
656 1561 697 1622 δν
719 1560 886 1621 κάκεῖθεν.
928 1550 1122 1640 Ἀντίγονος
1150 1565 1229 1640 γοῦν
1258 1558 1277 1617 ό
1300 1559 1494 1640 Καρύστιος
1516 1563 1601 1623 κατὰ
1625 1567 1704 1640 τούς

397 1675 426 1725 10
448 1665 570 1738 αύτούς
597 1665 774 1744 γενόμενος
801 1663 942 1745 χρόνους
968 1661 1025 1721 καί
1058 1661 1260 1742 ἀναγράψας
1290 1662 1400 1722 αὐτῶν
1424 1663 1483 1722 τόν
1510 1663 1587 1743 βίον
1617 1669 1704 1750 φησὶ

447 1767 488 1846 (p.
504 1766 545 1826 39
567 1761 651 1839 th.)
674 1767 733 1826 τόν
755 1766 924 1849 Πύρρωνα
941 1758 1146 1839 διωκόμενον
1167 1762 1236 1822 ύπό
1259 1763 1357 1837 κυνός
1379 1763 1564 1847 ἀναφυγεῖν
1587 1767 1649 1828 ἐπί
1671 1790 1705 1829 τι

448 1863 594 1951 δένδρον,
619 1869 858 1945 σκωπτόμενον
888 1856 921 1927 δ’
946 1865 1015 1926 ύπδ
1044 1871 1111 1926 τῶν
1137 1865 1318 1948 παρόντων
1346 1866 1456 1927 εἰπεῖν
1485 1867 1533 1941 ὡς
1553 1865 1703 1945 χαλεπόν

447 1970 498 2053 εἴη
525 1962 621 2050 (τὸν)
646 1969 836 2052 άνθρωπον
864 1964 1008 2030 ἐκδῦναι.
1056 1964 1224 2041 Φιλίστας
1253 1962 1289 2028 δέ
1322 1974 1382 2052 της
1415 1963 1566 2054 ἀδελφῆς
1600 1972 1705 2033 αὐτοῦ

447 2074 609 2155 θυούσης,
632 2071 752 2132 ἔπειτα
768 2079 836 2133 τῶν
852 2067 963 2155 φίλων
978 2070 1071 2143 τινός
1085 2069 1320 2146 ὑποσχομένου
1336 2070 1377 2131 τά
1394 2072 1483 2154 πρός
1499 2072 1558 2156 την
1573 2073 1703 2136 θυσίαν

397 2186 426 2237 15
446 2176 504 2236 καὶ
524 2176 569 2260 μη
594 2176 864 2257 παρασχομένου,
894 2179 956 2234 τού
975 2175 1094 2249 μέντοι
1114 2171 1301 2254 Πύρρωνος
1329 2176 1518 2255 πριαμένου
1541 2175 1599 2235 καὶ
1622 2176 1703 2256 άγα-

446 2284 655 2351 νακτούντος,
678 2270 864 2358 ἐπειδήπερ
889 2275 909 2334 ό
930 2270 1031 2357 φίλος
1052 2270 1163 2354 ἔλεγεν
1185 2273 1233 2346 ὡς
1255 2273 1293 2333 ού
1316 2279 1421 2336 ποιοῖ
1439 2276 1605 2359 σύμφωνα
1629 2283 1703 2352 τοῖς

448 2376 561 2460 λόγοις
583 2369 657 2438 οὐδ’
682 2372 762 2452 άξια
784 2383 844 2461 τῆς
859 2375 1046 2451 ἀπαθείας,
1070 2375 1181 2436 εἰπεῖν
1196 2375 1312 2435 αύτόν·
1331 2366 1380 2436 ‘zv
1402 2383 1481 2456 γοῦν
1495 2380 1627 2458 γυναικί
1651 2376 1708 2442 δεῖ

447 2482 507 2565 τήν
522 2475 700 2554 ἀπόδειξιν
722 2480 824 2562 αὐτῆς
839 2467 1056 2551 ποιεῖσθαι;’
1081 2477 1194 2538 καίτοι
1208 2472 1349 2550 δικαίως
1371 2477 1412 2538 ἀν
1435 2475 1531 2541 εἶπεν
1557 2482 1577 2541 ό
1600 2479 1704 2566 φίλος

449 2584 503 2644 ότι
521 2573 570 2643 ‘05
592 2583 725 2660 μάταιε,
747 2580 804 2641 καί
826 2581 862 2640 ἐν
889 2580 1020 2661 γυναικί
1047 2579 1104 2639 καί
1126 2579 1199 2639 κυνί
1222 2578 1279 2639 καὶ
1309 2583 1427 2656 πᾶσιν,
1458 2579 1553 2642 εἴτι
1580 2578 1620 2666 δή
1646 2601 1704 2645 σοι

396 2695 426 2745 20
447 2692 514 2746 τῶν
537 2681 644 2766 λόγων
666 2685 794 2745 τούτων
815 2683 908 2744 ἐστίν
932 2675 1084 2765 όφελος’.

534 2784 650 2865 ὀρθῶς
666 2779 698 2847 δ’
721 2787 790 2863 ἔχει
803 2785 931 2863 μαθεῖν
952 2783 1010 2844 καί
1029 2783 1119 2856 τίνες
1142 2783 1176 2842 οί
1198 2775 1408 2864 ζηλώσαντες
1430 2785 1532 2845 αύτδν
1547 2786 1701 2865 ἐγένοντο
1713 2788 1747 2848 27

446 2886 503 2946 καί
525 2887 621 2961 τίνας
643 2882 807 2971 ἐζήλωσεν
837 2888 947 2960 αὐτός.
994 2886 1013 2945 δ
1035 2886 1096 2962 μέν
1126 2883 1184 2945 οδν
1210 2884 1357 2967 Πύρρων
1381 2874 1585 2970 Ἀναξάρχου
1610 2893 1703 2964 τινός

446 2988 575 3068 ἐγένετο
597 2989 766 3073 μαθητής,
796 2989 834 3063 ός
856 2989 895 3049 τό
917 2988 979 3066 μὲν
1006 2995 1144 3072 πρῶτον
1165 2982 1206 3070 ην
1228 2979 1407 3069 ζωγράφος
1430 2983 1502 3049 οὐδ’
1528 2987 1628 3064 ούτος
1652 2994 1703 3053 εύ-

447 3090 555 3173 τυχης,
578 3091 697 3152 ἔπειτα
721 3094 794 3165 τοῖς
808 3092 1023 3173 Δημοκρίτου
1040 3087 1189 3170 βιβλίοις
1204 3088 1346 3165 ἐντυχὼν
1360 3090 1506 3171 χρηστόν
1527 3093 1589 3169 μὲν
1605 3089 1703 3155 ούδὲν

396 3202 426 3252 25
448 3191 524 3253 ούτε
547 3190 640 3275 εύρεν
670 3194 745 3256 ούτε
769 3194 1015 3275 συνεγράψατο,
1045 3198 1154 3265 κακῶς
1179 3186 1215 3251 δέ
1243 3191 1375 3264 πάντας
1404 3188 1480 3252 εἷπε
1509 3195 1566 3255 καί
1595 3195 1702 3271 θεούς

446 3293 749 3377 καλιάνθρώπους·
779 3296 881 3369 αύτός
910 3285 942 3355 δ’
972 3295 1113 3377 ύστερον
1139 3300 1258 3354 τοῦτον
1280 3294 1339 3354 τόν
1367 3300 1474 3377 τύφου
1497 3294 1703 3377 περιβαλλό-

446 3414 547 3471 μενος
567 3397 624 3457 καί
646 3394 756 3458 καλῶν
771 3399 902 3482 άτυφον
918 3397 1019 3458 αύτδν
1043 3391 1139 3457 ούδδν
1161 3396 1196 3455 ἐν
1211 3401 1341 3479 γραφηι
1355 3392 1543 3456 κατέλιπεν.
1633 3399 1702 3479 ἐγέ-
1713 3400 1747 3460 28

447 3516 522 3559 νετο
546 3493 582 3559 δὲ
609 3499 769 3585 μαθητής
791 3501 896 3561 αύτού
922 3500 1039 3576 Τίμων
1063 3494 1240 3573 Φλιάσιος,
1265 3497 1303 3571 δς
1325 3498 1363 3558 τὸ
1386 3499 1446 3574 μὲν
1469 3505 1608 3580 πρῶτον
1631 3500 1703 3578 έχό-

436 3619 541 3690 ,ρευεν
563 3601 598 3662 ἐν
620 3605 693 3676 τοῖς
715 3603 889 3687 θεάτροις,
912 3602 1033 3662 ἔπειτα
1057 3589 1089 3661 δ’
1116 3601 1258 3678 ἐντυχὼν
1282 3599 1387 3659 αύτῶι
1412 3602 1620 3683 συνέγραψεν
1645 3602 1703 3684 άρ-

397 3711 427 3762 30
446 3698 569 3783 γαλέας
591 3696 786 3786 παρωιδίας
813 3703 870 3763 καί
891 3700 1119 3782 βωμολόχους,
1149 3702 1183 3762 ἐν
1206 3701 1262 3775 αῖς
1284 3696 1546 3785 βεβλασφήμηκε
1568 3703 1703 3777 πάντας

447 3805 527 3878 τούς
549 3806 692 3866 πώποτε
709 3801 1022 3889 φιλοσοφήσαντας.
1061 3801 1160 3878 οὗτος
1182 3803 1244 3887 γάρ
1267 3798 1307 3886 ην
1331 3803 1444 3877 ότούς
1457 3799 1602 3878 Σίλλους
1622 3806 1702 3888 γρά-

446 3912 520 3986 ψας
534 3907 592 3966 καί
609 3897 1234 3987 λέγων(σχέτλιοι-πέπλασθε’
1253 3901 1301 3980 (fr.
1319 3903 1371 3979 10)
1386 3895 1703 3988 xaz‘dvoqwnoc

447 4039 490 4048 -
505 3999 642 4069 άσκοί’
661 4005 708 4084 (fr.
724 4007 787 4083 34).
863 4004 1008 4091 μηδενὸς
1023 4002 1057 4069 δ’
1075 4009 1348 4091 ἐπιστραφέντος
1363 4007 1482 4082 αύτῶν,
1506 4008 1553 4081 ὡς
1569 4009 1601 4068 εί
1614 4005 1700 4092 μηδὲ
1711 4007 1745 4069 29

548 4221 639 4295 θγάρ
657 4220 689 4293 δὴ
706 4223 904 4279 Wilamowitz:
921 4219 979 4294 γάρ
997 4217 1157 4294 άνῦεγάρ
1176 4211 1213 4279 αδ
1230 4220 1282 4278 GI:
1300 4222 1354 4291 μὲν
1371 4211 1447 4279 αδΕ
1528 4226 1559 4277 13
1578 4220 1702 4279 τδνΙιε·

447 4308 549 4364 ert-IX
562 4312 607 4362 66:
626 4324 680 4364 om.
692 4309 757 4366 Eus.
828 4313 859 4363 13
877 4309 1010 4380 φιλίοτας
1027 4307 1104 4364 EGI:
1128 4310 1256 4380 φιλίστης
1277 4307 1359 4363 ceteri
1380 4305 1416 4362 cf.
1433 4307 1523 4361 Laert.
1540 4307 1559 4361 l.
1577 4323 1609 4373 α,
1627 4309 1701 4364 unde

446 4397 539 4448 tamen
555 4408 613 4450 non
629 4394 717 4464 magis
734 4400 854 4463 apparot,
878 4409 927 4450 cur
943 4393 1032 4449 soron'
1049 4394 1142 4463 potius
1161 4409 1243 4462 quam
1261 4393 1348 4447 amieo
1366 4398 1524 4448 sucoenseat
1540 4391 1650 4462 Pyrrho

449 4481 480 4531 16
498 4487 581 4535 ποιοῖ
596 4478 792 4534 Wilamowitz:
816 4482 893 4535 ποιῶ
911 4477 973 4535 OG:
996 4480 1172 4550 ποιησαίμην
1188 4479 1227 4533 ΕΙ
1323 4482 1354 4533 17
1371 4484 1437 4549 post
1457 4481 1569 4550 γυναικί
1591 4478 1656 4534 add,
1675 4481 1703 4535 τι·

446 4561 520 4630 ΠΗ,
539 4555 573 4621 ου’
584 4563 671 4632 vulgo
689 4568 728 4631 (at
738 4563 827 4620 hiaret
838 4563 950 4629 αυεβα»
968 4561 1110 4619 efficacius
1127 4569 1157 4618 et
1172 4562 1345 4633 responsioni
1362 4563 1453 4633 aptius
1464 4562 1543 4618 deest
1552 4563 1700 4633 partioula;

447 4645 482 4702 ιι.
498 4663 526 4716 p.
540 4651 598 4714 ιω,
612 4653 643 4702 14
711 4653 745 4704 νε
764 4639 856 4714 τίεις
872 4648 948 4704 libri:
967 4665 1035 4704 corr.
1047 4648 1112 4703 wil.
1182 4652 1215 4702 τι
1233 4647 1268 4704 ιι
1286 4647 1350 4703 wil.
1362 4648 1432 4704 Ant„
1450 4664 1477 4718 p.
1488 4653 1522 4703 ιο
1593 4652 1625 4704 ω
1644 4646 1702 4707 ιιι-

449 4731 688 4804 οτρέφονταςῦθτ
