4117 5617
1013 569 1053 619 10.
1071 564 1219 621 ORATES

649 731 740 820 σέμν’
767 738 884 826 ἐδάην·
907 742 948 803 τά
973 737 1009 803 δὲ
1033 738 1144 802 πολλὰ
1167 741 1224 802 καὶ
1248 737 1346 821 όλβια
1370 747 1478 825 τῦφος
1500 742 1666 826 ἔμαρψεν.

596 860 612 910 2
631 859 721 925 τῦφος
737 855 841 911 Laere:
859 849 968 926 τύμβος
984 853 1074 908 Anth.
1092 854 1204 922 (Plan.):
1222 853 1317 925 τάφος
1334 852 1413 919 (Pel.)

1051 1010 1066 1059 9
1171 1046 1177 1060 .

596 1093 680 1148 Dm.
692 1092 733 1148 VI
744 1096 776 1146 92
795 1091 828 1157 [A
846 1095 859 1145 1
878 1108 906 1161 p.
922 1094 981 1157 209,
1001 1094 1043 1155 13]
1066 1006 1333 1161 οδδῖιιῗόανόμενσς
1360 1081 1406 1148 ότι
1433 1085 1626 1162 άποθνὴιοκει
1652 1088 1754 1163 ἐπῆιόε

495 1176 572 1250 πρός
590 1173 695 1235 ἑαυτου
712 1176 817 1249 λέγων·

877 1250 1021 1328 στείχεις
1045 1244 1095 1332 δή,
1121 1246 1200 1334 φίλε
1222 1252 1360 1333 κυρτών,
1386 1244 1539 1335 [βαίνεις]

648 1355 698 1427 είς
717 1344 834 1414 Ἀίδαο
859 1347 984 1428 δόμους
1008 1344 1127 1436 [κωφός
1150 1351 1240 1434 ὥρην
1264 1346 1320 1412 διά
1344 1344 1471 1436 γῆρας].

493 1455 528 1539 ἦν
545 1463 604 1538 γάρ
621 1464 713 1537 κυφὸς
730 1458 787 1522 ύπδ
804 1459 922 1535 χρόνον.

598 1587 612 1638 1
630 1585 740 1656 βαίνεις
756 1582 840 1637 PBF:
859 1582 964 1649 delevi;
986 1583 1098 1655 βαίνεις
1112 1575 1183 1652 (τ’)
1204 1581 1330 1649 casaub„
1354 1581 1441 1651 vulgo
1510 1586 1526 1636 2
1544 1581 1638 1636 delevi
1655 1581 1755 1651 κυφδς

494 1665 550 1741 γὰρ
568 1658 602 1739 ἦν
619 1671 642 1725 ί.
654 1688 680 1739 γ.
698 1672 770 1733 (nam
788 1668 828 1723 sie
846 1668 910 1722 olim
927 1667 1058 1735 scriptum
1075 1666 1160 1722 fuerit
1176 1684 1193 1722 a
1208 1668 1372 1736 glossatore)
1388 1673 1528 1736 tamquam
1540 1666 1655 1721 alteram
1673 1667 1757 1721 vocis

493 1745 608 1826 κυρτόν
630 1752 853 1823 explicationem
879 1750 1006 1807 Meineke
1029 1747 1134 1820 δόμους
1160 1752 1248 1808 eiecto
1274 1759 1330 1808 tres
1356 1752 1469 1807 melicos
1495 1767 1592 1806 versus
1620 1750 1757 1806 dividens

494 1837 604 1907 scripsit
619 1837 712 1910 κυφὸς
730 1831 806 1910 δράν
823 1842 846 1893 ό.
859 1857 894 1909 γ.,
912 1837 1037 1892 similiter
1054 1835 1147 1906 Bergk

1018 2111 1221 2176 ELEGIAE.

1059 2248 1090 2298 10
1104 2247 1127 2311 [1
1141 2245 1184 2309 Β.]

598 2334 681 2384 1-11
699 2328 761 2384 1111„
779 2334 847 2383 orat.
864 2329 906 2385 VI
919 2327 1001 2384 1990
1018 2333 1054 2395 (a)
1074 2326 1123 2386 ἵνα
1147 2328 1178 2386 δέ
1194 2327 1232 2399 μή
1255 2349 1297 2395 τις
1320 2325 1465 2402 νπολάβηι
1481 2348 1518 2399 με
1539 2331 1632 2386 ταῦτα
1657 2323 1757 2394 άλλως

494 2414 595 2487 λέγειν,
611 2411 645 2470 ἐκ
663 2417 723 2470 τῶν
739 2415 917 2484 Παιγνίων
936 2409 1088 2484 Κράτητος
1106 2413 1188 2488 όλίγα
1211 2434 1259 2472 σοι
1276 2410 1476 2487 παραγράψω·
1495 2407 1754 2485 “Μνημοσύνης

495 2532 531 2542 -
544 2493 673 2565 δοίαις’
691 2498 718 2556 εί
726 2493 782 2571 χρή
801 2517 849 2555 σοι
860 2501 927 2570 περὶ
938 2492 1051 2554 τούτων
1062 2491 1193 2571 γράφειν,
1213 2496 1270 2571 ἔχω
1282 2502 1403 2557 πλείονα
1419 2503 1472 2556 τοῦ
1484 2491 1597 2570 άνόρός.
1624 2492 1754 2569 ἐντυχὼν

496 2587 526 2644 δὲ
542 2589 596 2644 τῶι
613 2587 762 2653 Χαιρωνεῖ
781 2577 966 2654 Πλουτάρχωι
985 2580 1040 2640 τόν
1052 2580 1203 2657 Κράτητος
1221 2578 1425 2658 άναγράψαντι
1441 2585 1510 2656 βίον
1527 2575 1611 2641 ούδεν
1628 2579 1662 2638 ἐκ
1680 2601 1753 2652 παρ·

496 2671 585 2744 έργσυ
601 2667 761 2740 μανθάνειν
781 2668 873 2738 δεήσει
890 2662 944 2724 τὸν
961 2663 1061 2742 άνδρα.
1096 2669 1173 2724 Imm
1191 2671 1302 2726 eosdem
1314 2668 1470 2725 v11213A
1488 2668 1526 2734 (b)
1544 2660 1610 2741 οόχί
1631 2671 1682 2724 καί
1701 2671 1754 2726 τοῦ

497 2751 648 2828 Κράτητος
664 2746 789 2824 μουσικά
806 2754 855 2807 καὶ
870 2753 1010 2824 χαρίεντα
1022 2752 1142 2827 φέρεται
1159 2749 1254 2812 πολλὰ
1265 2756 1405 2826 δείγματα
1423 2756 1473 2824 τῆς
1490 2753 1566 2825 πρός
1583 2751 1653 2819 τούς
1663 2749 1754 2820 θεοὺς

497 2835 651 2913 ὁσιότητος
667 2859 699 2897 τε
715 2840 764 2893 καὶ
786 2829 953 2909 εὐλαβείας·
975 2833 1064 2895 άκουε
1085 2842 1156 2909 γοῦν
1179 2831 1251 2897 αὐτοὶ
1275 2831 1348 2909 παρ’
1371 2833 1461 2909 ἡμῶν,
1485 2832 1516 2894 εί
1534 2856 1582 2895 σοι
1603 2836 1642 2910 μὴ
1662 2833 1751 2910 σχολὴ

494 2925 596 2998 γέγονε
613 2928 721 2993 μαθεῖν
738 2922 770 2989 ἐξ
785 2919 903 2978 ἐκείνων
922 2913 1003 2978 αύτά.

647 3032 879 3114 Μνημοσύνης
900 3030 957 3090 καί
980 3031 1090 3113 Ζηνός
1106 3022 1291 3108 Ὀλυμπίου
1315 3027 1423 3111 ἀγλαὰ
1446 3033 1542 3090 τέκνα

700 3134 844 3194 Μοῦσαι
864 3126 1037 3215 Πιερίδες,
1060 3129 1157 3194 κλῦτέ
1177 3152 1240 3211 μοι
1262 3134 1458 3211 εύχομένωι·

646 3236 767 3317 χόρτον
790 3235 868 3318 έμῆι
891 3240 1036 3311 συνεχῶς
1059 3229 1136 3296 δότε
1158 3237 1306 3318 γαστέρι,
1328 3234 1350 3317 ἦ
1373 3236 1409 3295 τέ
1430 3253 1491 3310 μοι
1514 3232 1584 3294 αίεί

697 3336 802 3421 χωρίς
825 3330 1029 3419 δουλοσύνης
1053 3333 1146 3399 λιτόν
1168 3337 1273 3420 ἔθηκε
1295 3336 1380 3416 βίον.

1003 3450 1021 3487 τι
1218 3450 1236 3488 υ

1113 3498 1131 3536 υ

612 3583 627 3631 5
702 3571 876 3658 ὠφέλιμον
900 3568 936 3634 δὲ
960 3570 1086 3657 φίλοις,
1109 3575 1154 3659 μὴ
1178 3571 1334 3657 γλυκερόν
1358 3571 1484 3632 τίθετε.

643 3676 797 3758 χρήματα
822 3665 855 3735 δ)
882 3676 939 3735 ούκ
962 3672 1073 3736 ἐθέλω
1099 3676 1251 3756 συνάγειν
1274 3671 1385 3750 κλυτά,
1408 3673 1582 3756 κανθάρου
1608 3669 1710 3754 όλβον

697 3777 869 3859 μύρμηκάς
890 3766 923 3835 τ’
948 3778 1076 3861 ἄφενος
1096 3778 1250 3860 χρήματα
1272 3778 1467 3853 μαιόμενος,

646 3873 730 3937 ἀλλὰ
755 3872 971 3960 δικαιοσύνης
991 3882 1142 3957 μετέχειν
1164 3879 1221 3939 καί
1244 3874 1393 3939 πλοῦτον
1415 3877 1541 3958 ἀγινεῖν

698 3980 854 4062 εὔφορον,
878 3979 1045 4062 εύκτητσν,
1070 3981 1182 4057 τίμιον
1206 3981 1255 4053 είς
1279 3979 1410 4063 ἀρετήν.

592 4089 621 4140 10
642 4088 709 4143 τῶν
732 4076 769 4142 δὲ
791 4081 897 4159 τυχὼν
916 4072 1035 4166 Ἑρμῆν
1058 4083 1114 4144 καί
1137 4082 1285 4155 Μούσας
1308 4069 1446 4158 ίλάσομ’
1473 4081 1583 4162 ἁγνῶς

697 4185 735 4244 ού
760 4178 931 4257 δαπάναις
953 4188 1148 4268 τρυφεραῖς,
1173 4173 1249 4243 ἀλλ’
1275 4183 1413 4266 ἀρεταῖς
1436 4182 1560 4255 όσίαις.

595 4319 619 4369 1.
631 4318 646 4368 2
660 4338 694 4358 ==
706 4314 762 4370 Sol.
780 4312 813 4367 fr.
828 4317 943 4380 13,1.2‚
967 4313 1047 4368 cuius
1065 4313 1181 4383 elegiam
1198 4313 1294 4383 cynice
1311 4312 1466 4381 transponit
1534 4315 1550 4365 3
1568 4307 1635 4383 ίμῆι
1652 4310 1685 4366 b:
1705 4303 1749 4368 άεί

489 4417 507 4456 a
559 4403 662 4472 συνεχῆ
679 4399 698 4455 1)
750 4399 869 4471 γαστέρι
885 4402 933 4453 καί
952 4393 1019 4454 δότε
1035 4401 1125 4471 χωρίς
1143 4393 1312 4468 δουλοσύνης
1335 4390 1352 4465 ἦ
1370 4392 1402 4468 δὴ
1420 4390 1502 4453 λιτὸν
1524 4390 1546 4452 δ.
1563 4399 1593 4467 β.
1612 4411 1629 4452 0
1645 4411 1750 4452 meme·

489 4485 560 4541 riab
628 4491 645 4541 4
662 4486 740 4560 βίον]
753 4485 860 4540 medios
872 4498 969 4539 versus
979 4499 1034 4537 non
1047 4483 1161 4539 dederat
1170 4480 1334 4538 Plutarchus
1403 4487 1418 4536 5
1436 4479 1473 4552 μὴ
1486 4479 1640 4553 γλυκερόν]
1654 4487 1750 4536 eontra

490 4570 645 4626 901105
664 4566 737 4628 εἶναι
754 4567 784 4626 δὲ
800 4565 905 4640 γλυκύν
923 4557 979 4625 ὦδε
997 4570 1091 4638 φίλοις
1160 4572 1175 4622 6
1194 4573 1289 4622 eontra
1307 4566 1363 4621 Sol.
1380 4565 1426 4620 Le
1444 4561 1578 4637 χρήματα
1597 4559 1627 4622 δ’
1645 4564 1749 4639 ἱμείρω

488 4655 542 4722 μὲν
559 4649 635 4726 ἔχειν
695 4651 787 4727 όλβον
803 4653 836 4709 b:
856 4648 938 4710 οἶτον
955 4669 973 4706 a
1052 4653 1204 4708 ‘lfortasse
1226 4648 1357 4720 κτήματα
1438 4642 1583 4722 8άγινεῑν
1600 4651 1749 4707 Petevius:

490 4731 582 4811 άγιεῑν
598 4755 627 4793 a:
645 4732 729 4811 άοινῆ
744 4739 776 4795 b:
795 4731 921 4811 άγείρειν
939 4735 1031 4793 Cobet
1109 4742 1140 4793 1⁰
1159 4731 1250 4810 άγνάς
1267 4736 1330 4791 Iul.:
1351 4751 1420 4790 corr.
1437 4734 1627 4792 Wilemowitz
