4117 5617
486 547 527 606 90
966 548 990 599 5.
1007 544 1249 602 EMPEDOCLES

588 720 630 771 36.
647 716 743 771 Amsm.
761 715 796 770 de
807 730 870 785 gon.
888 720 918 769 et
934 730 1002 770 corr.
1019 715 1044 768 B
1058 720 1081 770 3.
1100 716 1163 771 330b
1175 720 1207 770 19
1225 711 1297 773 ἔνιοι
1314 709 1342 771 δ’
1360 708 1445 783 εὑθὺς
1461 715 1588 788 τέτταρα
1606 718 1740 789 λέγουσιν

486 794 551 859 οἶον
568 793 604 860 Έ.
617 793 732 873 συνάγει
744 801 774 858 δέ
785 804 834 857 καί
845 789 931 866 οὗτος
943 801 983 866 εἰς
994 799 1031 858 τά
1044 796 1106 859 δὺο·
1125 804 1178 858 τῶι
1189 798 1247 872 γάρ
1259 803 1327 872 πυρί
1338 790 1428 857 τάλλα
1441 799 1538 859 πάντα
1550 795 1740 874 ἀντιτίθησιν.

587 942 629 992 37.
647 937 724 991 Imm
731 935 850 1004 Metaph.
859 936 890 990 A
898 942 923 991 4.
935 941 998 992 985⁸
1007 941 1040 992 21
1052 939 1101 994 καί
1111 928 1147 994 Ἑ.
1160 935 1207 994 έπὶ
1219 937 1308 994 πλέον
1318 937 1372 1007 μέν
1382 942 1485 1011 χρῆται
1497 934 1603 996 τούτου
1615 937 1740 1004 [Anaxa-

485 1029 563 1094 gora]
580 1031 643 1088 τοῖς
660 1022 770 1087 αἰτίοις.
790 1014 824 1078 οὑ
840 1019 898 1094 μήν
915 1015 984 1078 οὔθ’
1000 1020 1106 1087 ίκανῶς
1124 1015 1189 1079 οὔτ’
1205 1020 1238 1079 έν
1255 1020 1370 1088 τούτοις
1387 1018 1512 1094 εὑρίσκει
1529 1021 1563 1080 τό
1579 1016 1740 1093 ὑμολογοὺ·

448 1113 463 1162 5
484 1125 586 1179 μενον·
615 1111 764 1179 πολλαχοῦ
780 1110 851 1178 γοῦν
868 1098 958 1162 αὑτῶι
979 1100 1068 1178 ήμὲν
1087 1110 1172 1164 Φιλία
1194 1109 1332 1180 διακρίνει
1349 1105 1384 1164 τό
1408 1108 1439 1164 δὲ
1456 1112 1563 1174 Νεῖκος
1586 1109 1738 1179 συγκρίνει.

486 1188 559 1255 όταν
575 1193 696 1265 μὲνγὰρ
714 1193 754 1258 εἰς
771 1190 806 1249 τά
821 1198 948 1262 στοιχεῖα
961 1193 1099 1264 διίστηται
1117 1189 1152 1249 τό
1165 1196 1224 1251 πᾶν
1241 1187 1297 1250 ὑπό
1319 1195 1372 1249 τοῦ
1383 1193 1507 1259 Νείκους
1524 1189 1560 1250 τό
1578 1212 1611 1250 τε
1623 1197 1681 1264 πῦρ
1699 1192 1740 1259 εἰς

485 1279 517 1339 ἓν
529 1282 710 1353 συγκρίνεται
720 1281 770 1333 καί
782 1280 842 1334 τῶν
853 1271 950 1333 ἀλλων
961 1279 1115 1348 στοιχείων
1126 1272 1265 1334 ἕκαστον·
1279 1269 1353 1334 όταν
1364 1276 1394 1334 δὲ
1405 1272 1492 1334 πάλιν
1503 1273 1560 1336 ὑπό
1574 1282 1624 1350 τῆς
1636 1280 1740 1343 Φιλίας

485 1367 620 1423 συνίωσιν
637 1364 678 1429 εἰς
695 1362 730 1419 τὸ
748 1357 789 1430 έν,
806 1354 968 1432 ἀναγκαῖον
989 1359 1021 1429 έξ
1037 1357 1162 1420 ἑκάστου
1184 1359 1219 1420 τά
1237 1357 1328 1433 μόρια
1352 1364 1550 1434 διακρίνεσθαι
1574 1359 1668 1421 πάλιν.
1702 1355 1737 1420 ’λλ

484 1450 537 1520 μέν
552 1441 604 1506 οὑν
615 1448 694 1520 παρά
712 1444 782 1513 τοὺς
793 1441 940 1520 πρότερον
952 1450 1071 1519 πρῶτος
1088 1442 1123 1504 τὸ
1142 1445 1195 1518 τήν
1207 1448 1304 1505 αἰτίαν
1315 1451 1418 1505 διελεῖν
1435 1449 1483 1512 [sio
1493 1447 1548 1513 Ab]
1566 1443 1738 1519 εἰσήνεγκεν,

433 1535 462 1585 10
483 1529 518 1592 οὑ
534 1537 605 1604 μίαν
616 1532 740 1604 ποιήσας
756 1531 809 1603 τήν
825 1535 875 1604 τῆς
891 1529 1029 1602 κινήσεως
1047 1525 1139 1605 ἀρχήν
1155 1525 1223 1591 ἀλλ’
1240 1528 1341 1601 ἑτέρας
1357 1551 1390 1589 τε
1407 1535 1456 1589 καί
1468 1530 1610 1598 ἐναντίας.
1646 1529 1689 1591 έτι
1707 1534 1738 1591 δέ

482 1618 519 1679 τά
538 1615 578 1686 ῶς
595 1615 627 1677 έν
642 1609 709 1690 ὑλης
727 1613 792 1674 εἴδει
807 1612 953 1688 λεγόμενα
966 1625 1096 1688 στοιχεῖα
1113 1617 1238 1692 τέτταρα
1251 1621 1370 1688 πρῶτος
1388 1611 1475 1675 εἶπεν.
1512 1614 1547 1675 οὑ
1563 1614 1620 1688 μήν
1629 1621 1738 1689 χρῆταί

482 1725 516 1778 γε
533 1705 693 1778 τέτταρσιν,
715 1695 783 1760 ἀλλ’
800 1696 840 1767 ιὺς
862 1703 940 1757 δυσίν
962 1693 1026 1759 οὑσι
1043 1701 1155 1772 μόνοις,
1172 1703 1245 1774 Ιπυρί
1262 1702 1316 1771 μὲν
1334 1694 1407 1759 καθ’
1431 1696 1513 1772 αὑτό,
1531 1711 1593 1769 τοῖς
1610 1696 1638 1759 δ’
1656 1697 1736 1761 ἀντι·

481 1789 624 1860 κειμένοις
646 1781 686 1853 ῶς
707 1789 770 1856 μιάι
792 1784 883 1857 φύσει,
905 1789 952 1858 γῆι
973 1806 1006 1844 τε
1027 1791 1076 1843 καί
1098 1780 1160 1861 ἀέρι
1183 1791 1231 1844 καί
1254 1780 1344 1845 ὑδατι.
1379 1784 1466 1860 λάβοι
1488 1780 1516 1844 δ’
1538 1784 1576 1846 ἀν
1596 1809 1639 1855 τις
1662 1783 1734 1847 αὑτό

483 1878 606 1949 θεωρῶν
622 1871 656 1930 ἐκ
674 1876 733 1929 τῶν
749 1869 837 1928 έπῶν.

432 1993 461 2043 15
585 1997 627 2048 38.
645 1993 722 2047 Imm
732 1991 812 2063 phys.
831 1990 852 2045 Θ
867 1994 890 2044 1.
902 1993 988 2045 252·7
1008 1985 1103 2049 έοικεν
1119 1984 1156 2048 'E
1175 1986 1213 2050 ἀν
1230 1992 1324 2049 εἰπεῖν
1341 1985 1381 2058 ιὺς
1398 1987 1433 2049 τὺ
1445 2001 1564 2065 κρατεῖν
1580 1996 1629 2050 καὶ
1645 2003 1736 2051 κινεῖν

480 2080 514 2139 έν
525 2083 605 2153 μέρει
623 2078 675 2151 τῆν
688 2078 790 2135 Φιλίαν
802 2079 851 2134 καί
869 2073 904 2133 τό
918 2078 1024 2143 Νεῖκος
1035 2069 1157 2148 ὑπάρχει
1169 2085 1232 2142 τοῖς
1243 2073 1411 2151 πράγμασιν
1427 2075 1459 2145 ἐξ
1468 2071 1601 2150 ἀνάγκης,
1618 2071 1736 2151 ἠρεμεῖν

482 2168 512 2226 δὲ
529 2163 583 2224 τόν
599 2162 704 2234 μεταξὺ
719 2159 838 2235 χρόνον.

584 2305 625 2357 39.
643 2301 720 2355 Imm
736 2297 856 2367 Metaph.
873 2296 904 2352 A
920 2302 946 2352 4.
964 2297 1028 2352 9841’
1038 2301 1071 2351 32
1093 2293 1156 2353 έπεί
1174 2297 1203 2355 δὲ
1226 2301 1275 2354 καί
1298 2290 1438 2356 τάναντία
1461 2306 1524 2364 τοῖς
1546 2295 1671 2369 ἀγαθοῖς
1688 2298 1734 2356 έν-

483 2385 554 2447 όντα
566 2384 702 2458 ἐφαίνετο
720 2381 752 2440 έν
769 2386 813 2454 τῆι
831 2382 923 2454 φύσει,
939 2384 988 2438 καί
1006 2373 1041 2438 οὑ
1059 2375 1154 2450 μόνον
1165 2377 1243 2449 τάξις
1259 2386 1308 2440 καί
1326 2381 1360 2440 τὸ
1373 2381 1465 2442 καλὸν
1478 2379 1551 2442 ἀλλά
1569 2387 1618 2442 καί
1629 2377 1734 2451 ἀταξία

429 2487 459 2536 20
480 2477 528 2530 καί
545 2469 581 2529 τό
600 2466 731 2541 αἰσχρόν,
748 2471 797 2524 καί
814 2469 905 2524 πλείω
927 2464 963 2524 τά
981 2462 1057 2523 κακά
1082 2469 1141 2522 τῶν
1158 2460 1281 2539 ἀγαθῶν
1303 2470 1352 2524 καί
1369 2466 1405 2527 τά
1429 2472 1526 2539 φαῦλα
1550 2473 1610 2526 τῶν
1626 2473 1734 2538 καλῶν,

482 2549 574 2622 οὑτως
591 2552 678 2620 ἀλλος
695 2574 737 2620 τις
749 2555 852 2611 Φιλίαν
869 2546 1014 2623 εἰσήνεγκε
1030 2553 1079 2607 καί
1097 2554 1211 2618 Νεῖκος,
1228 2549 1370 2625 ἑκάτερον
1387 2549 1534 2624 ἑκατέρων
1558 2550 1652 2611 αἴτιον
1669 2549 1735 2611 τοὺ·

481 2662 549 2700 των.
584 2637 609 2698 εἰ
626 2638 684 2712 γάρ
701 2659 744 2705 τις
761 2632 939 2708 ἀκολουθοίη
956 2638 1006 2692 καί
1022 2632 1168 2705 λαμβάνοι
1187 2634 1263 2710 πρός
1281 2633 1333 2708 τήν
1350 2634 1480 2696 διάνοιαν
1497 2642 1547 2695 καὶ
1564 2637 1602 2711 μή
1620 2637 1697 2712 πρός
1714 2634 1733 2697 ὑί

481 2728 644 2799 ψελλίζεται
662 2724 753 2795 λέγων
770 2716 814 2789 Ἐ.,
837 2716 948 2793 εὑρήσει
971 2717 1024 2792 τήν
1044 2720 1099 2790 μὲν
1118 2723 1221 2778 Φιλίαν
1244 2723 1341 2781 αἰτίαν
1365 2714 1455 2781 οὖσαν
1472 2727 1532 2781 τῶν
1549 2717 1678 2796 ἀγαθῶν,
1697 2722 1732 2782 τό

481 2811 511 2869 δὲ
528 2815 635 2875 Νεῖκος
651 2813 711 2866 τῶν
727 2811 837 2864 κακῶν·
866 2797 938 2863 (ὑπ’
956 2802 987 2862 εἰ
999 2824 1042 2871 τις
1060 2806 1132 2876 φαίη
1157 2801 1271 2879 τρόπον
1289 2805 1352 2866 τινά
1369 2812 1419 2865 καί
1436 2809 1530 2880 λέγειν
1545 2813 1595 2867 καί
1612 2814 1734 2883 πρῶτον

428 2911 459 2961 25
479 2897 572 2968 λέγειν
588 2891 623 2952 τό
635 2890 729 2951 κακόν
745 2895 794 2949 καὶ
811 2889 846 2948 τό
859 2884 976 2962 ἀγαθὸν
987 2883 1081 2962 ἀρχάς
1092 2882 1290 2959 Ἐμπεδοκλέα,
1308 2885 1377 2965 τάχ’
1389 2890 1429 2951 ἀν
1439 2893 1518 2966 λέγοι
1528 2897 1633 2961 καλῶς,
1650 2891 1732 2969 εἴπερ

481 2979 515 3038 τό
534 2983 593 3037 τῶν
610 2971 733 3051 ἀγαθῶν
745 2971 882 3036 ἁπάντων
900 2972 994 3033 αἴτιον
1006 2967 1078 3032 αὑτό
1091 2967 1226 3047 τάγαθὸν
1242 2974 1303 3034 έστι
1322 2981 1380 3042 [καί
1391 2982 1450 3035 τῶν
1460 2982 1560 3036 κακῶν
1571 2974 1606 3036 τὸ
1618 2974 1731 3045 κακόν].

580 3121 622 3173 40.
639 3115 717 3169 Imm
734 3114 769 3169 de
786 3129 849 3183 gen.
867 3119 896 3168 et
912 3127 980 3167 corr.
996 3111 1020 3165 B
1034 3116 1059 3165 6.
1076 3111 1182 3166 333220
1205 3113 1303 3169 καίτοι
1326 3108 1363 3171 τά
1384 3135 1417 3186 γε
1442 3125 1571 3187 στοιχεῖα
1593 3117 1731 3188 διακρίνει

479 3198 513 3262 ov’
530 3201 566 3259 τὸ
585 3207 691 3265 Νεῖκος
708 3191 808 3271 ἀλλ’ἢ
829 3198 923 3263 Φιλία,
945 3191 980 3254 τὰ
999 3196 1082 3265 φύσει
1101 3192 1232 3269 πρότερα
1257 3202 1310 3256 τοῦ
1326 3203 1410 3256 θεοῦ·
1433 3205 1500 3258 θεοῖ
1517 3201 1548 3258 δέ
1563 3206 1612 3258 καί
1630 3205 1730 3259 ταῦτα.

580 3342 622 3392 41.
639 3337 759 3391 PmmP.
777 3334 813 3390 de
829 3350 893 3403 gen.
911 3339 939 3388 ot
955 3349 1024 3389 corr.
1039 3337 1108 3399 19,3
1125 3333 1221 3389 Vitelli
1243 3331 1319 3407 πρός
1342 3335 1396 3404 μὲν
1421 3333 1479 3408 γάρ
1505 3332 1542 3394 τό
1568 3333 1731 3410 φαινόμενα

425 3420 456 3470 30
477 3419 595 3479 ἐναντία
617 3418 692 3491 λέγει
713 3412 843 3491 ἀναιρῶν
866 3414 917 3489 τήν
938 3411 1096 3475 ἀλλοίωσιν
1116 3417 1224 3490 ἐναργῆ
1241 3409 1341 3485 οὖσαν,
1367 3419 1443 3494 πρός
1470 3415 1575 3480 ἑαυτὸν
1600 3422 1630 3479 δὲ
1656 3413 1731 3479 διότι

477 3505 551 3578 λέγει
568 3504 622 3574 μὲν
639 3498 823 3577 ἀμετάβλητα
845 3499 881 3560 τὰ
900 3513 1037 3574 στοιχεῖα,
1059 3507 1107 3560 καί
1125 3495 1197 3562 αὑτό
1221 3504 1274 3574 μέν
1290 3501 1328 3576 μή
1346 3509 1477 3578 γίνεσθαι
1499 3507 1531 3574 ἐξ
1546 3499 1677 3576 ἀλλήλων
1694 3504 1730 3564 τά

477 3591 507 3648 δὲ
519 3585 592 3648 ἀλλα
609 3587 642 3646 έκ
655 3585 774 3646 τούτων.
804 3582 890 3644 πάλιν
907 3586 937 3644 δέ
948 3607 1016 3660 φησι
1034 3591 1084 3660 τῆς
1096 3590 1198 3654 Φιλίας
1209 3586 1370 3662 κρατούσης
1387 3587 1422 3649 τὰ
1440 3586 1536 3650 πάντα
1554 3587 1586 3648 έν
1596 3593 1730 3663 γίνεσθαι

475 3678 525 3733 καί
543 3671 596 3732 τόν
608 3679 744 3745 Σφαῖρον
761 3670 915 3729 ἀποτελεῖν
926 3669 1034 3731 ἀποιον
1045 3667 1224 3745 ὑπάρχοντα,
1242 3670 1283 3740 ιὺς
1299 3675 1398 3749 μηκέτι
1414 3673 1486 3747 μήτε
1498 3672 1550 3748 τήν
1567 3679 1620 3734 τοῦ
1637 3671 1732 3750 πυρὸς

476 3756 547 3831 μήτε
563 3763 623 3817 τῶν
645 3754 739 3816 ἀλλων
762 3754 840 3823 τινός
857 3753 1013 3826 σῶιζεσθαι
1034 3754 1067 3814 έν
1089 3750 1178 3815 αὑτῶι
1200 3754 1337 3833 ἰδιότητα,
1359 3754 1581 3834 ἀποβάλλοντος
1603 3757 1730 3818 ἑκάστου

423 3844 454 3895 35
475 3847 535 3901 τῶν
552 3844 706 3914 στοιχείων
723 3839 757 3899 τό
776 3841 886 3899 οἰκεῖον
903 3837 986 3907 εἰδος.

578 3965 620 4016 42.
637 3961 737 4017 Αιιιετ.
755 3962 791 4018 de
808 3963 884 4018 caelo
902 3964 957 4016 Γ2.
975 3966 1038 4016 301·
1049 3966 1080 4016 14
1108 3959 1141 4019 έκ
1166 3955 1329 4021 διεστῶτων
1350 3964 1380 4022 δέ
1401 3967 1451 4021 καὶ
1476 3963 1652 4034 κινουμένων
1675 3957 1729 4022 οὑκ

476 4042 599 4120 εὑλογον
620 4055 715 4103 ποιεῖν
735 4044 787 4118 τήν
809 4046 928 4119 γένεσιν.
964 4046 1008 4104 διό
1026 4051 1076 4105 καὶ
1092 4040 1128 4105 Ἑ.
1151 4053 1323 4119 παραλείπει
1345 4046 1397 4120 τήν
1418 4047 1465 4106 ἰπὶ
1482 4053 1532 4119 τῆς
1555 4045 1727 4121 Φιλότητυς·

476 4125 510 4190 οὑ
528 4130 586 4205 γάρ
603 4127 640 4189 ἀν
651 4125 772 4204 ήδὺνατο
786 4137 921 4205 συστῆσαι
939 4128 994 4190 τὸν
1005 4125 1133 4203 οὐρανὸν
1150 4130 1183 4189 έκ
1193 4133 1414 4206 κεχωρισμένων
1430 4134 1484 4204 μὲν
1494 4131 1728 4204 κατασκευάζων,

475 4214 623 4293 σύγκρισιν
644 4219 674 4275 δέ
696 4221 789 4274 ποιῶν
812 4215 856 4276 διά
880 4216 933 4290 τήν
955 4212 1113 4290 Φιλότητα·
1139 4215 1173 4275 έκ
1194 4218 1418 4288 διακεκριμένων
1439 4217 1497 4291 γάρ
1520 4219 1690 4291 συνέστηκεν
1709 4213 1726 4277 ὑ

423 4306 452 4355 40
472 4299 585 4373 κόσμος
601 4307 660 4360 τῶν
678 4305 838 4374 στοιχείων.
874 4293 948 4360 ὥστ’
965 4295 1126 4375 ἀναγκαῖον
1147 4305 1280 4376 γίνεσθαι
1297 4301 1330 4371 ἐξ
1345 4299 1411 4370 ἑνός
1427 4307 1476 4362 καί
1494 4304 1726 4379 συγκεκριμένον.

574 4443 616 4493 43.
634 4436 710 4494 Α’ωτ.
722 4439 737 4494 I
750 4443 816 4506 13,1
837 4438 882 4505 [D.
895 4443 955 4503 312]
976 4432 1166 4512 Ἐμπεδοκλῆς
1183 4435 1237 4512 ἔφη
1254 4439 1313 4511 πρὸ
1332 4444 1392 4497 τῶν
1408 4438 1556 4511 τεττάρων
1574 4444 1727 4514 στοιχείων

472 4520 646 4594 θραύσματα
668 4520 803 4596 έλάχιστα
826 4522 916 4582 οἱονεί
942 4532 1072 4596 στοιχεῖα
1094 4523 1154 4598 πρό
1177 4529 1237 4583 τῶν
1260 4524 1413 4597 στοιχείων
1439 4521 1613 4598 ὁμοιομερῆ.
1650 4531 1691 4594 17,
1710 4531 1726 4582 3

473 4608 518 4673 [D.
530 4608 590 4678 315]
607 4606 643 4664 Ἐ.
657 4612 706 4665 καί
723 4605 905 4682 Ξενοκράτης
921 4606 956 4665 έκ
966 4608 1148 4682 μικροτέρων
1166 4609 1263 4683 όγκων
1279 4609 1315 4669 τά
1335 4620 1463 4683 στοιχεῖα
1477 4613 1630 4683 συγκρίνει,
1648 4602 1726 4683 άπερ

472 4690 550 4749 ἐστίν
566 4690 701 4765 έλάχιστα
718 4697 767 4750 καί
785 4692 875 4752 οἱονεί
892 4703 1021 4765 στοιχεῖα
1041 4697 1201 4767 στοιχείων.
1238 4695 1349 4752 GAm.
1367 4697 1491 4766 inHipp.
1510 4696 1545 4752 de
1556 4703 1613 4752 nat.
1631 4695 1658 4752 h.
1670 4697 1726 4754 XV
