4117 5617
716 553 755 608 A.
773 554 874 610 TEST.
890 553 1115 612 DOCTRINAE
1133 562 1241 613 36-49.
1563 563 1604 622 91

344 725 379 775 49
391 721 428 774 Κ.
445 711 584 786 κοῖκεῐνος
602 716 663 824 γὰρ
681 721 782 792 [Emp.]
801 721 883 780 ἐκ
851 744 906 792 μεν
923 728 983 782 τῶν
1000 719 1098 783 αύτῦν
1110 729 1270 798 στοιχείων,
1289 719 1330 784 ὦν
1347 732 1395 785 καὶ
1407 724 1605 833 Ιπποκροίτης,

344 803 497 877 γεγονέναι
513 799 627 877 φησίνζ
613 810 688 876 ημᾶς
706 827 739 879 γε
757 811 806 865 καί
824 804 859 866 τὰ
879 805 951 866 ἄλλα
964 807 1085 880 σώματα
1103 808 1200 870 πάντα
1219 833 1255 871 τα
1246 809 1334 885 περὶ
1352 814 1404 886 την
1420 819 1481 887 γῆν,
1499 809 1534 873 ού
1550 814 1606 886 μὴν

344 887 532 960 κεκραμένων
555 909 589 962 γε
610 885 648 946 δι’
676 883 815 962 οἷλλὴλων,
837 888 909 952 ἄλλό
933 890 1010 953 κατὰ
1031 894 1120 968 μικροί
1143 892 1234 967 μόρια
1258 898 1478 970 παρακειμένων
1501 919 1533 958 τε
1556 905 1605 958 καί

344 969 502 1047 ψαυόντων
520 974 564 1040 [af.
576 975 617 1031 IV
628 980 678 1031 762
696 972 772 1035 κατὰ
790 976 894 1051 σμικρὰ
912 971 1002 1052 μόρια
1019 981 1228 1052 καταθραυομέ
1231 987 1306 1048 νων].

305 1081 322 1130 5
446 1081 489 1133 44.
506 1078 830 1146 Aaw.124,2[1).3201
856 1075 892 1139 Ἐ.
919 1075 1119 1155 4ναξαγόρας,
1146 1081 1336 1157 Δημόκριτος,
1362 1080 1530 1158 Ἐπίκουρος
1556 1091 1604 1143 καί

344 1156 454 1227 πάντες
466 1153 533 1219 ὁσοι
550 1160 626 1221 κατὸ
639 1162 858 1237 συναθροισμὸν
875 1187 935 1224 των
946 1172 1135 1240 λεπτομερῶν
1153 1165 1297 1240 σωμάτων
1308 1189 1521 1241 κοσμοποιονσι
1539 1191 1604 1244 συγ·

343 1248 505 1350 κρίσειςὸ
468 1268 489 1317 μ
507 1268 523 1303 ν
539 1251 590 1305 καί
606 1250 764 1323 διακρίσεις
785 1243 942 1324 εἰσοίγουσι,
964 1251 1090 1323 γενέσεις
1112 1253 1208 1312 δὲκαὶ
1231 1255 1350 1328 φθορὰς
1372 1248 1407 1313 ού
1428 1258 1551 1327 κυρίως
1569 1249 1604 1313 ού

343 1331 401 1406 γᾶρ
417 1333 492 1391 κατὰ
511 1330 546 1391 τὸ
565 1331 654 1392 ποιὸν
670 1333 704 1403 ἐξ
718 1327 911 1405 αλλοιοίσεως,
932 1331 1008 1395 κατιί
1026 1339 1057 1395 δὲ
1074 1333 1109 1396 τὸ
1137 1338 1233 1398 ποσόν
1249 1339 1283 1398 ἐκ
1301 1345 1518 1414 συναθροισμοῦ
1537 1338 1603 1399 ταύ-

344 1439 396 1486 τας
413 1421 556 1491 γίνεσθαι.

292 1522 322 1571 16
446 1527 489 1578 45.
506 1523 663 1589 Imm,
677 1526 690 1578 1
709 1523 757 1588 [D.
769 1527 829 1588 321]
848 1516 886 1580 'E.
900 1516 1034 1581 ούσίαν’
1014 1519 1200 1597 ανοίγκηςτ
1154 1527 1200 1584 αίτ
1201 1525 1249 1584 ίαν
1245 1508 1414 1632 χρηστικὴν
1431 1533 1491 1586 τῶν
1502 1521 1602 1601 ἅρχων

342 1612 391 1664 καὶ
409 1613 469 1665 τῶν
486 1610 648 1679 στοιχείων.
683 1608 772 1664 Pam.
784 1608 819 1664 de
831 1624 875 1664 an.
886 1624 974 1678 proar.
986 1614 1028 1679 27,
1041 1614 1056 1664 2
1074 1626 1102 1680 p
1118 1604 1253 1666 102613'
1233 1607 1370 1686 ανοίγκην,
1382 1634 1417 1686 ην
1428 1612 1602 1686 ειμαρμένην

343 1692 371 1750 οί
389 1697 493 1751 πολλοὶ
509 1697 656 1760 καλοῦσιν,
673 1685 710 1749 Ἐ
728 1692 759 1750 δὸ
777 1688 914 1751 Φιλίαν(
900 1697 975 1763 ομοῦ
992 1696 1042 1750 καί
1059 1698 1173 1761 Νεῖκος

871 1861 920 1918 De
936 1863 1068 1920 munda.

444 1969 488 2019 46.
505 1965 641 2020 Anmwr.
657 1964 742 2036 Phys.
759 1963 790 2018 A
801 1968 826 2018 4.
846 1968 950 2020 187·20
969 1963 997 2021 οί
1014 1958 1043 2021 δ’
1060 1963 1094 2023 ἐκ
1110 1972 1164 2025 τοῦ
1181 1965 1247 2036 ὁνὸς
1263 1964 1386 2036 ἐνούσας
1402 1967 1454 2036 τός
1470 1964 1603 2026 ἐναντιό-

344 2072 431 2122 τητας
447 2047 639 2121 ἐκκρίνεσθαι,
657 2041 756 2120 ὥσπερ
768 2039 988 2121 Ἀναξίμανδρος
1004 2071 1073 2124 φησι
1090 2055 1140 2109 καί
1158 2043 1225 2110 ὁσοι
1243 2047 1270 2110 δ’
1288 2051 1320 2111 ἓν
1337 2057 1385 2109 καί
1402 2049 1495 2112 πολλοί
1513 2073 1603 2124 φασιν

294 2152 324 2201 15
345 2128 470 2204 εἶναι,
445 2152 544 2206 ωσπερ
561 2128 597 2191 Ἐ
614 2137 664 2190 καὶ
676 2128 877 2206 Ἀναξαγόρας.
912 2133 946 2192 ἐκ
962 2141 1015 2194 τοῦ
1025 2139 1187 2209 μείγματος
1203 2135 1259 2211 γύρ
1275 2142 1325 2195 καὶ
1338 2127 1420 2196 οὗτοι
1437 2137 1520 2211 ἐκκρί
1520 2157 1601 2196 νουσι

343 2213 442 2279 τᾶλλα.
478 2217 645 2291 διαφέρουσι
662 2211 691 2275 δ
713 2211 843 2291 ἀλλήλων
865 2223 918 2276 τῶν
942 2220 996 2277 τὸν
1016 2221 1070 2290 μὲν
1090 2222 1188 2294 [Emp.]
1206 2225 1347 2294 περίοδον
1370 2233 1464 2282 ποιεῖν
1483 2217 1603 2290 τούτων,

344 2300 442 2365 τόνδ’
461 2306 611 2373 [Anaxag.]
630 2293 717 2370 ὁπαξ,
743 2308 793 2360 καί
815 2301 868 2361 τόν
890 2301 987 2372 μίν’
968 2326 1073 2377 απειρα
1098 2307 1135 2365 τοί
1158 2327 1191 2365 τε
1209 2301 1370 2382 ὁμοιομερῆ
1387 2313 1436 2366 καὶ
1453 2301 1602 2377 τύναντία,

346 2388 400 2450 τὸν
418 2391 447 2449 δὲ
466 2387 502 2447 τοί
521 2385 688 2456 καλούμενα
705 2399 836 2460 στοιχεῖα
857 2384 977 2458 [μόνον1.

444 2512 487 2564 «a.
500 2513 568 2563 Am.
579 2507 595 2562 1
607 2512 656 2574 5‚2
669 2507 751 2573 [Dox.
763 2513 825 2573 291]
838 2502 1028 2582 Ἐμπεδοκλῆς
1040 2510 1069 2566 δὲ
1077 2504 1192 2580 κόσμον
1203 2511 1256 2581 μὲν
1268 2507 1328 2578 ἕνα,
1341 2506 1375 2569 ού
1387 2511 1486 2582 μέντοι
1499 2509 1533 2568 τό
1545 2515 1603 2570 πᾶν

291 2610 322 2659 20
344 2595 415 2655 είναι
432 2592 486 2653 τὸν
497 2587 621 2663 κόσμον,
640 2585 712 2651 οἷλλυί
727 2587 829 2667 ὀλίγον
846 2616 874 2652 τι
891 2599 944 2653 τοῦ
962 2591 1073 2661 παντός
1090 2594 1188 2667 μέρος,
1205 2594 1239 2653 τό
1259 2597 1287 2654 δὲ
1300 2593 1405 2654 λοιπὸν
1422 2588 1514 2669 οἷργνὶν
1525 2585 1601 2667 ὁλην.

446 2717 488 2769 48.
506 2713 603 2768 Pharo
621 2713 815 2783 leg.x88913
838 2717 895 2786 πῦρ
917 2717 966 2770 καὶ
987 2705 1065 2785 ύδωρ
1087 2717 1136 2770 καί
1157 2715 1211 2787 γῆν
1232 2718 1280 2772 καί
1302 2709 1377 2788 α’ἐρα
1399 2708 1483 2787 φύσει
1506 2709 1601 2772 πάντα

344 2796 417 2859 εἶναι
434 2803 482 2856 καί
500 2793 581 2870 τύχηι
592 2800 666 2870 φασί
684 2799 894 2870 {Empedoclem
906 2801 1014 2869 tangit]‚
1034 2798 1064 2856 τέ
1063 2819 1128 2871 χνηι
1140 2800 1170 2857 δὲ
1182 2793 1247 2858 οῦδὲ
1234 2800 1265 2858 ὲν
1276 2795 1396 2866 τούτων,
1415 2802 1464 2855 καὶ
1480 2795 1516 2856 τοί
1529 2797 1602 2868 μετὰ

343 2890 434 2944 ταῦτα
453 2875 489 2942 a}
507 2880 637 2953 στόματα,
654 2887 707 2955 γῆς
724 2903 756 2941 τε
772 2887 821 2941 καί
845 2877 927 2954 ἡλίου
943 2887 992 2941 καί
1010 2880 1166 2957 σεληνης”
1146 2904 1263 2986 αστρων
1280 2905 1313 2943 τε
1330 2884 1405 2959 πέρι,
1427 2880 1471 2941 διαί
1491 2878 1602 2940 τούτων

344 2969 494 3043 γεγονέναι
518 2972 666 3034 παντελῶς
692 2963 788 3025 όντων
813 2961 944 3040 οἷψύχων.
979 2965 1058 3042 τύχηι
1084 2971 1114 3028 δὲ
1140 2967 1290 3042 φερόμενα
1316 2973 1362 3040 τη”ι
1384 2972 1435 3039 τῆς
1455 2967 1602 3037 δυνάμεως

292 3067 323 3116 25
344 3052 452 3113 ἕκαστα
471 3048 634 3111 ἑκάστων
618 3075 648 3124 ηι
665 3053 755 3122 ξυμπέ
756 3073 870 3111 πτωκεν
894 3048 1081 3125 ἁρμόττοντα
1100 3053 1215 3121 οἷκείως
1236 3075 1306 3121 πως,
1330 3050 1425 3124 θερμοί
1445 3049 1601 3126 ψυχροῖςη
1646 3078 1649 3084 ·

345 3135 415 3214 ξηρὰ
428 3159 505 3213 προς
515 3158 589 3210 υγρα
607 3137 783 3208 καὶμαλακοί
803 3137 879 3211 πρὸς
896 3133 1012 3237 σκληρύ,
1030 3141 1079 3195 καί
1098 3133 1193 3196 πάντα
1207 3135 1305 3197 ὁπόσα
1323 3159 1368 3210 τηι
1386 3142 1446 3194 τῶν
1462 3135 1601 3196 ἐναντίων

344 3220 448 3297 κροίσει
463 3222 539 3281 κατὰ
558 3217 644 3296 τύχην
661 3217 728 3290 ἐξ’
708 3217 836 3296 ανοίγκης
854 3219 1050 3295 συνεκεράσθη
1068 3218 1167 3294 ταύτηι
1189 3227 1237 3280 καὶ
1253 3221 1329 3282 κατύ
1349 3226 1440 3280 ταῦτα
1459 3214 1537 3280 οὸτω
1554 3243 1600 3296 γε·

344 3307 510 3383 γεννηκέναι
526 3304 581 3365 τόν
598 3327 630 3365 τε
642 3301 770 3379 ούρανὸν
788 3299 860 3367 ὁλον
876 3312 925 3366 καί
936 3303 1033 3365 πάντα
1049 3300 1151 3364 ὁπόσα
1167 3300 1236 3365 κατ’
1254 3302 1390 3379 οὐρανόν,
1408 3311 1457 3365 καί
1474 3311 1546 3378 ζιῦια
1565 3299 1602 3365 αὖ

344 3398 394 3452 καὶ
411 3390 485 3463 φατοί
504 3389 661 3461 ξύμπαντα,
679 3386 766 3462 ιὸρων
783 3399 887 3451 πασῶν
907 3392 941 3450 ἐκ
958 3392 1071 3451 τούτων
1092 3391 1265 3464 γενομένων,
1284 3386 1318 3450 ού
1337 3389 1381 3450 διαὶ
1405 3397 1484 3462 νοῦν,
1501 3394 1598 3464 φασίν,

292 3492 324 3541 36
346 3473 410 3537 οῦδὲ
429 3473 473 3536 διοί
492 3498 557 3535 τινα
575 3474 649 3534 θεόν
667 3470 733 3535 ούδὲ
750 3475 795 3536 διὰ
815 3478 922 3550 τέχνην,
941 3471 1013 3536 οἷλλὸι
1035 3470 1052 3533 ὁ
1070 3477 1202 3550 λέγομεν,
1218 3472 1302 3549 φύσει
1319 3479 1368 3533 καί
1385 3475 1475 3549 τύχηι.

448 3600 490 3651 49.
507 3596 601 3650 Pmm
618 3595 654 3651 de
664 3596 774 3666 provid.
793 3603 951 3661 [conversus
968 3614 1003 3653 ex
1014 3613 1116 3652 annon.
1129 3595 1164 3652 ab
1176 3596 1316 3664 Auchero,
1334 3613 1416 3667 quem
1428 3596 1535 3652 correxi
1546 3612 1599 3652 sea

347 3683 512 3751 conybearii
528 3688 610 3737 notas
627 3698 671 3750 ap.
682 3681 839 3737 Wendland
850 3682 930 3737 Ρίιίίο
941 3683 986 3736 66.
1000 3681 1025 3736 6.
1042 3681 1117 3736 Vara.
1128 3686 1161 3736 64
1167 3687 1217 3752 οη]
1235 3683 1264 3738 11
1273 3687 1305 3737 60
1323 3699 1351 3752 p.
1366 3685 1398 3737 86
1411 3680 1503 3735 eodem
1519 3679 1599 3735 reoda

347 3775 392 3833 [sa.
402 3773 434 3822 ut
444 3767 550 3823 leviora
561 3783 578 3822 a
589 3765 763 3835 gravian’bus
775 3782 882 3821 sursum
893 3766 1038 3836 pellantur]
1051 3767 1135 3821 etiam
1146 3766 1245 3821 υιιινυίί
1254 3770 1348 3837 parter
1359 3766 1454 3835 eoafiai
1464 3766 1597 3834 νίιίινιίιιν,

344 3857 377 3908 rt
399 3852 466 3907 dr'a't
481 3851 664 3920 Empedoclea
696 3854 844 3921 postquam
865 3851 938 3906 erim
958 3855 1074 3906 aceretae
1098 3855 1138 3906 ert
1159 3851 1250 3906 aether
1266 3850 1348 3921 (μετά
1366 3850 1401 3908 τὸ
1421 3854 1599 3922 διακριθῆναι

292 3953 323 4003 35
344 3936 399 3995 τὸν
417 3934 539 4010 αἰθέρα),
557 3953 605 3990 aer
621 3938 649 3990 et
661 3934 735 4005 ίμυίο
745 3951 841 3990 saraae
855 3934 1015 3990 υοίαυινιιννί
1025 3939 1053 3991 et
1062 3936 1166 3990 eaelum
1176 3936 1328 4005 formatam
1340 3935 1413 4005 qaod
1423 3935 1454 3990 ι’νν
1466 3935 1598 3990 latissima

343 4022 435 4092 ομαίίο
457 4020 705 4089 circumferebatur.
745 4019 818 4090 ίγυίο
840 4022 931 4074 autera
953 4020 1001 4088 qai
1023 4021 1096 4075 οοοίο
1117 4021 1202 4090 paulo
1223 4021 1342 4090 inferior
1364 4023 1516 4085 manserat,
1541 4020 1600 4089 ίμοο

345 4123 450 4177 quaque
471 4106 503 4161 ν’νν
524 4105 619 4160 radiae
641 4104 707 4160 οοίίο
728 4107 899 4160 coacervatur
919 4107 965 4160 eet.
1001 4109 1075 4160 terra
1095 4122 1157 4160 vero
1180 4105 1212 4160 ι’ντ
1231 4121 1319 4159 πονοι
1335 4120 1495 4160 οοασαννιννο
1512 4107 1539 4158 et
1554 4120 1598 4158 ae-

344 4192 467 4247 ceratae
488 4190 609 4260 ηααιίονι
626 4193 748 4245 aaaareta
770 4193 942 4261 (πιληθεῖσα)
959 4189 991 4244 ia
1007 4190 1251 4260 mediaappareae
1268 4189 1394 4244 οουοοιίίί.
1424 4188 1599 4258 porrocirca

345 4294 406 4332 eam
427 4276 549 4345 medique
571 4274 672 4343 aether,
697 4274 763 4344 qaia
784 4273 869 4329 multo
892 4273 975 4330 ίιυίον
997 4277 1066 4342 erat,
1089 4275 1209 4329 volvitur
1230 4290 1315 4342 reaque
1336 4289 1468 4342 amquam
1485 4272 1598 4328 ιίοείείίί.

294 4379 324 4428 40
345 4361 444 4431 quietis
464 4364 557 4416 artem
578 4361 642 4416 ι’νυίι
663 4377 748 4416 carra
764 4376 817 4430 per
840 4359 920 4414 deam
942 4359 1024 4425 [male
1041 4359 1177 4416 intellexit
1194 4359 1274 4428 quale
1292 4362 1343 4415 τοῦ
1360 4351 1387 4414 δ’
1405 4350 1521 4431 ἠρεμεῖν
1537 4354 1599 4429 (τὴν

345 4449 408 4517 γῆν)
426 4441 520 4502 αἴτιον
538 4441 572 4501 τὸ
590 4450 656 4503 θεῖν
671 4441 735 4510 (τὸν
752 4444 867 4515 αἰθέρα)
884 4444 931 4499 vel
948 4440 1002 4501 τὸν
1018 4449 1097 4502 δῖνον
1115 4444 1176 4510 (hoc
1192 4442 1381 4508 Wendland)]‚
1399 4459 1455 4498 που
1471 4459 1533 4497 vero
1546 4460 1599 4513 per

344 4530 477 4599 εμίιιιονσε
498 4531 601 4585 multae
621 4547 704 4600 τειραν
724 4546 752 4585 ee
774 4529 889 4584 ν’ννυίοονυ
909 4529 1025 4599 paritas,
1050 4546 1167 4599 ραανυινι
1188 4528 1436 4583 ον’νοανυνοίαίὶονκο
1451 4528 1600 4598 μοίίυονίπί

344 4615 477 4686 figuram,
504 4615 570 4684 qaia
595 4615 667 4670 eirca
693 4632 753 4670 eam
779 4621 825 4681 [sa
842 4619 951 4679 terram]
974 4631 1127 4685 compressa
1149 4614 1208 4683 suit
1227 4612 1344 4683 sphaera
1366 4612 1439 4684 ίηπίο
1460 4613 1598 4670 mirabilis

345 4706 472 4771 (marrae
489 4702 561 4756 erim
578 4705 606 4757 et
620 4701 779 4773 multiplicis
797 4701 952 4767 ίίισονὶσιθ)
974 4700 1030 4756 rim
1048 4700 1147 4768 habet),
1169 4699 1229 4755 ίιίεο
1246 4715 1294 4754 rea
1310 4698 1361 4754 hae
1377 4716 1425 4755 rea
1441 4699 1507 4755 ίίίαο
1524 4700 1600 4755 eadit
