4117 5617
473 540 512 594 VI
989 538 1210 595 PRAEFATIO

471 715 611 779 condenti
632 713 706 775 mihi
726 711 887 773 iucundum
909 712 966 773 fuit
986 733 1020 774 ac
1042 733 1137 793 paene
1159 713 1365 775 necessarium.
1409 714 1595 795 splendidam
1611 717 1729 798 quidem

472 818 582 899 ingenii
603 815 780 895 felicitatem,
803 835 863 895 qua
884 813 934 875 ille
956 814 986 874 in
1008 813 1133 877 Cornicis
1155 814 1347 878 emendandis
1370 837 1457 897 saepe
1478 839 1551 879 usus
1573 828 1626 893 est,
1641 841 1729 884 nemo

474 940 567 982 sanus
607 916 749 979 imitando
788 937 819 978 se
857 915 974 997 assequi
998 937 1087 994 posse
1120 917 1296 998 opinabitur.
1339 927 1370 980 at
1400 920 1523 983 rationis
1546 924 1729 986 severitatem

473 1042 562 1104 quem
591 1020 629 1083 ad
659 1029 748 1081 testes
777 1018 961 1098 colligendos
986 1018 1168 1082 ordinandos
1195 1020 1411 1083 examinandos
1432 1023 1567 1086 adhibuit
1588 1034 1618 1087 et
1640 1048 1729 1107 quam

472 1127 535 1206 ipse
556 1125 679 1204 primam
701 1121 768 1183 libri
789 1120 837 1183 sui
857 1122 994 1183 virtutem
1017 1122 1118 1184 merito
1139 1123 1327 1203 praedicavit,
1341 1123 1420 1187 hanc
1434 1147 1504 1188 vero
1518 1147 1573 1207 par
1588 1137 1633 1189 est
1647 1131 1730 1210 sequi

472 1248 539 1290 eum
566 1227 618 1307 qui
639 1232 732 1305 optet,
755 1233 789 1285 ut
810 1244 886 1301 opus
908 1223 1093 1285 faustissimis
1116 1225 1253 1306 auspiciis
1274 1227 1485 1307 inauguratum
1506 1249 1568 1291 non
1590 1229 1731 1294 deteriore

473 1329 533 1391 tela
564 1329 754 1390 continuetur
781 1347 816 1388 ac
844 1336 1020 1409 pertexatur.
1065 1327 1095 1387 in
1124 1326 1181 1388 hoc
1203 1328 1291 1408 igitur
1311 1329 1429 1392 editoris
1451 1332 1587 1411 primario
1609 1355 1730 1396 munere

472 1431 511 1494 ad
537 1432 621 1493 amici
647 1430 799 1510 exemplar
826 1451 873 1491 me
901 1429 1026 1492 libenter
1054 1430 1243 1494 accomodari
1266 1431 1363 1510 (volui
1386 1435 1478 1511 certe)
1500 1456 1556 1496 nec
1578 1437 1676 1499 minus
1698 1440 1729 1498 in

472 1534 592 1596 minutis
614 1534 676 1596 istis
697 1533 795 1609 rebus,
817 1533 867 1595 ubi
889 1532 1034 1613 principia
1055 1533 1116 1596 sive
1143 1532 1299 1614 probanda
1320 1544 1392 1596 sunt
1413 1535 1475 1599 sive
1495 1557 1559 1600 non
1574 1539 1731 1619 probanda

472 1657 536 1698 non
557 1636 679 1710 deseret
701 1635 757 1698 nisi
780 1637 831 1717 qui
852 1655 937 1698 suam
960 1635 1015 1697 sibi
1036 1634 1191 1716 gloriolam
1213 1637 1355 1716 aucupari
1377 1638 1467 1703 malit.

559 1740 617 1801 fuit
643 1749 760 1814 tamen,
788 1739 839 1801 ubi
867 1759 886 1800 a
914 1747 1046 1820 spectato
1074 1739 1210 1816 exemplo
1237 1740 1305 1821 ipsa
1333 1741 1404 1805 novi
1433 1743 1528 1823 operis
1551 1745 1730 1826 proprietate

472 1865 623 1910 revocarer
649 1844 768 1906 invitus
812 1841 896 1906 velut
920 1861 1074 1922 coeperam
1094 1842 1156 1903 eius
1178 1863 1258 1905 more
1279 1841 1445 1923 fragmenta
1466 1845 1610 1908 instruere
1631 1848 1729 1910 critica

472 1946 662 2010 adnotatione
689 1955 719 2007 et
744 1945 892 2026 exegetica
919 1945 1000 2024 (nam
1028 1964 1067 2004 ne
1094 1943 1174 2006 hanc
1197 1944 1314 2025 quidem
1336 1955 1450 2025 partem
1476 1948 1648 2028 neglexerat
1669 1950 1729 2029 ille)

472 2051 702 2132 fragmentisque
729 2050 807 2112 vitae
833 2048 961 2128 artisque
987 2047 1154 2109 testimonia
1174 2047 1343 2129 praefigere.
1388 2049 1428 2110 sic
1450 2059 1557 2130 poetas
1575 2054 1730 2135 usquead

472 2152 683 2234 Empedoclem
704 2172 799 2232 paene
816 2171 989 2232 permensus
1001 2170 1089 2224 eram,
1104 2171 1172 2238 cum
1186 2151 1254 2225 vidi,
1269 2150 1326 2212 nisi
1341 2151 1530 2216 difficillimos
1545 2151 1612 2215 illos
1626 2162 1729 2232 poetas

472 2265 525 2318 aut
551 2254 747 2336 inexplicatos
774 2256 805 2315 in
830 2253 1003 2334 gravissimo
1034 2273 1151 2334 quoque
1178 2253 1244 2316 loco
1272 2253 1436 2335 relinquere
1457 2265 1511 2318 aut
1531 2257 1621 2318 nimia
1642 2257 1730 2316 inter-

472 2359 635 2441 pretatione
665 2358 750 2439 quasi
782 2356 904 2420 obruere
936 2356 1060 2431 vellem,
1082 2355 1244 2419 doctrinam
1266 2357 1337 2418 mihi
1356 2359 1452 2439 ipsam
1485 2358 1731 2440 philosophorum

472 2461 696 2524 adscribendam
724 2480 795 2522 esse.
839 2479 967 2540 namque
994 2459 1049 2520 etsi
1076 2467 1178 2540 poetas
1205 2460 1305 2540 edere,
1328 2481 1391 2524 non
1413 2461 1620 2544 philosophos,
1641 2463 1731 2528 buius

473 2565 610 2646 Corporis
638 2564 772 2626 instituto
800 2562 913 2636 iubeor,
941 2570 1041 2623 tamen
1064 2562 1127 2623 sine
1153 2562 1358 2644 philosophiae
1379 2563 1446 2626 luce
1466 2584 1554 2627 caeca
1575 2565 1638 2628 fore
1658 2565 1732 2628 haec

472 2668 603 2731 carmina
635 2665 775 2728 intellexi.
818 2666 917 2745 itaque
950 2663 1058 2727 selecta
1089 2665 1349 2747 doxographorum
1381 2667 1480 2748 capita
1509 2667 1578 2732 vitis
1607 2668 1732 2749 singulis

473 2771 617 2846 adnexui;
639 2791 698 2852 quo
720 2770 800 2831 facto
822 2777 967 2850 quantum
989 2768 1190 2849 aequabilitati
1209 2769 1385 2837 detrahetur.
1401 2780 1518 2834 tantum
1533 2774 1734 2854 perspicuitati

474 2875 607 2939 additum
627 2874 662 2934 iri
683 2893 777 2954 spero.

558 2986 709 3058 praeterea
729 2977 847 3038 testium
869 2973 1062 3049 abundantia,
1076 2994 1152 3056 quae
1163 2983 1223 3036 tam
1235 2974 1385 3037 difficilem
1397 2997 1486 3058 quam
1497 2978 1652 3042 molestam
1666 2981 1733 3042 red·

474 3083 548 3146 didit
567 3082 656 3145 huius
677 3080 838 3144 voluminis
856 3078 1065 3152 recensionem,
1082 3087 1201 3141 coactus
1216 3100 1284 3142 sum
1297 3079 1437 3143 lemmata
1452 3101 1470 3143 a
1484 3082 1563 3145 notis
1579 3083 1733 3164 seiungere

474 3186 652 3269 interpositis
665 3184 738 3266 ipsis
751 3182 895 3248 versibus.
937 3201 994 3242 nec
1007 3190 1107 3243 tamen
1123 3181 1178 3244 hoc
1193 3202 1283 3263 grave
1297 3182 1453 3245 discrimen
1467 3185 1597 3248 rationis.
1638 3185 1730 3266 paulo

474 3290 592 3372 gravior
617 3288 753 3353 videatur
780 3286 891 3349 ordinis
919 3285 1051 3349 mutatio.
1093 3284 1250 3348 Kaibelius
1271 3285 1350 3348 enim
1371 3286 1412 3349 sie
1433 3287 1613 3360 instituerat,
1636 3295 1670 3348 ut
1691 3286 1730 3349 ad

476 3395 602 3456 incertae
624 3392 701 3455 sedis
724 3391 891 3471 fragmenta
912 3388 1079 3452 ordinanda
1100 3399 1254 3453 auctorum
1272 3390 1360 3452 series
1371 3391 1534 3454 secundum
1543 3372 1658 3453 litteras
1673 3390 1730 3451 dis·

475 3497 572 3578 posita
599 3496 718 3560 valeret.
762 3513 852 3575 quam
878 3492 1021 3555 rationem
1051 3493 1082 3552 in
1109 3492 1283 3556 universum
1308 3494 1497 3558 vehementer
1517 3493 1626 3576 probo;
1648 3502 1678 3554 et
1698 3502 1732 3554 ut

475 3600 546 3663 alibi
573 3598 720 3662 Heracliti
747 3597 827 3659 dicte
854 3595 893 3658 ad
918 3595 997 3656 hano
1024 3615 1160 3657 normam
1185 3595 1331 3674 disposui,
1355 3597 1395 3658 ita
1416 3597 1464 3658 hic
1484 3596 1615 3658 Timonis
1638 3596 1729 3662 sillos.

475 3723 546 3766 nam
567 3722 657 3783 quam
679 3699 750 3762 olim
770 3699 841 3761 mihi
862 3698 1122 3774 Waohsmuthius‚
1145 3719 1233 3780 quem
1255 3699 1375 3762 honoris
1396 3719 1487 3761 causa
1507 3699 1640 3774 nomino,
1663 3721 1729 3781 pro·

473 3806 599 3869 baverat
619 3804 744 3868 formam
764 3803 839 3879 libri,
860 3803 940 3865 hanc
961 3802 1013 3865 ubi
1034 3803 1199 3865 accuratius
1220 3802 1396 3877 examinavi,
1418 3801 1523 3863 fulcris
1544 3823 1649 3883 parum
1671 3810 1729 3865 sta·

475 3907 586 3970 bilibus
613 3907 668 3969 niti
688 3904 830 3970 intellexi.
873 3925 942 3985 ergo
964 3925 1003 3966 ne
1023 3904 1056 3966 in
1077 3904 1207 3966 eundem
1227 3905 1290 3986 ipse
1312 3925 1436 3968 errorem
1458 3904 1581 3981 laberer,
1602 3904 1729 3967 libenter

476 4010 607 4075 Kaibelii
638 4010 746 4074 rationi
775 4031 822 4071 me
849 4009 1006 4092 applicavi
1049 4018 1177 4072 ceterum
1207 4030 1246 4070 ne
1272 4010 1304 4070 in
1334 4009 1454 4071 inertiae
1475 4008 1616 4091 pulvino,
1638 4029 1728 4089 quam

476 4115 626 4180 nesciendi
647 4124 739 4177 artem
760 4114 853 4195 vulgo
875 4114 986 4189 dicunt,
1009 4113 1191 4194 acquievisse
1205 4112 1326 4188 viderer,
1338 4122 1580 4194 argumentorum
1594 4110 1727 4173 tabulam

476 4238 512 4280 ae
531 4216 759 4299 discriptionem,
781 4213 899 4296 qualem
921 4215 985 4294 ipse
1006 4216 1130 4298 concepi
1153 4216 1260 4291 animo,
1282 4216 1454 4298 fragmentis
1476 4214 1620 4297 praemisi.

560 4328 592 4381 at
614 4321 705 4402 longe
718 4319 778 4382 alia
792 4319 924 4384 condicio
935 4321 1066 4402 ipsorum
1081 4319 1335 4403 philosophorum.
1379 4317 1426 4380 hie
1440 4317 1519 4379 enim
1533 4316 1727 4399 periclitanda

476 4433 539 4488 erat
559 4425 792 4506 fragmentorum
806 4444 869 4487 non
884 4424 1006 4488 fortuita
1020 4422 1182 4487 collocatio.
1226 4423 1363 4484 nimirum
1378 4430 1431 4483 aut
1444 4428 1561 4483 tentum
1577 4429 1726 4483 servatum

477 4538 540 4591 erat
564 4529 649 4592 velut
670 4528 702 4589 in
723 4528 937 4603 Parmenideis,
966 4537 1000 4590 ut
1027 4528 1184 4591 consilium
1212 4535 1316 4608 poetae
1343 4535 1449 4607 suapte
1477 4534 1585 4606 sponte
1605 4532 1726 4605 pateret,

477 4642 531 4695 eut
551 4640 613 4694 tam
633 4651 729 4713 pauca
750 4632 827 4692 inter
848 4633 929 4694 varia
950 4652 1059 4713 genera
1079 4630 1234 4695 distributa
1255 4629 1338 4693 velut
1358 4626 1568 4710 Xenophanis,
1590 4635 1625 4688 ut
1645 4626 1727 4688 haud

478 4734 564 4804 facile
591 4754 694 4824 posses
721 4733 853 4796 deerrare
879 4733 995 4815 itinere,
1021 4743 1075 4798 aut
1101 4731 1315 4796 sententiarum
1337 4751 1470 4795 conexus
1491 4731 1555 4812 ipso
1577 4729 1727 4792 doctrinae
