<?xml version="1.0" encoding="UTF-8"?>
<!DOCTYPE html PUBLIC "-//W3C//DTD XHTML 1.0 Transitional//EN"
    "http://www.w3.org/TR/xhtml1/DTD/xhtml1-transitional.dtd">
<html xmlns="http://www.w3.org/1999/xhtml" xml:lang="en" lang="en">
 <head>
  <title>
</title>
<meta http-equiv="Content-Type" content="text/html;charset=utf-8" />
  <meta name='ocr-system' content='tesseract 3.04.00' />
  <meta name='ocr-capabilities' content='ocr_page ocr_carea ocr_par ocr_line ocrx_word'/>
</head>
<body>
  <div class='ocr_page' id='page_1' title='image "./poetarvmphiloso00dielgoog_0076.png"; bbox 0 0 4117 5617; ppageno 0'>
   <div class='ocr_carea' id='block_1_1' title="bbox 396 532 1152 594">
    <p class='ocr_par' dir='ltr' id='par_1_1' title="bbox 396 532 1152 594">
     <span class='ocr_line' id='line_1_1' title="bbox 396 532 1152 594; baseline -0.009 0"><span class='ocrx_word' id='word_1_1' title='bbox 396 535 437 594; x_wconf 81' lang='lat'><strong><em>46</em></strong></span> <span class='ocrx_word' id='word_1_2' title='bbox 898 532 1152 589; x_wconf 83' lang='lat' dir='ltr'>XENOPHANES</span> 
     </span>
    </p>
   </div>
   <div class='ocr_carea' id='block_1_2' title="bbox 396 695 1655 860">
    <p class='ocr_par' dir='ltr' id='par_1_2' title="bbox 396 695 1655 860">
     <span class='ocr_line' id='line_1_2' title="bbox 500 695 1655 775; baseline -0.002 -15"><span class='ocrx_word' id='word_1_3' title='bbox 500 698 663 775; x_wconf 74' lang='grc' dir='ltr'><strong><em>πεφάνασιν</em></strong></span> <span class='ocrx_word' id='word_1_4' title='bbox 674 702 792 758; x_wconf 84' lang='lat' dir='ltr'>Herod:</span> <span class='ocrx_word' id='word_1_5' title='bbox 810 695 976 774; x_wconf 80' lang='grc' dir='ltr'><strong><em>πεφήνασο’</em></strong></span> <span class='ocrx_word' id='word_1_6' title='bbox 995 701 1094 758; x_wconf 87' lang='lat' dir='ltr'>Ohoer.</span> <span class='ocrx_word' id='word_1_7' title='bbox 1107 701 1143 758; x_wconf 92' lang='lat'><strong><em>0:</em></strong></span> <span class='ocrx_word' id='word_1_8' title='bbox 1161 696 1322 772; x_wconf 79' lang='grc' dir='ltr'><strong><em>πεφύκασιν</em></strong></span> <span class='ocrx_word' id='word_1_9' title='bbox 1340 700 1437 758; x_wconf 82' lang='lat' dir='ltr'>Ohoer.</span> <span class='ocrx_word' id='word_1_10' title='bbox 1449 700 1497 757; x_wconf 73' lang='grc' dir='ltr'><strong><em>(Ν</em></strong></span> <span class='ocrx_word' id='word_1_11' title='bbox 1549 701 1655 758; x_wconf 77' lang='lat' dir='ltr'>intelle</span> 
     </span>
     <span class='ocr_line' id='line_1_3' title="bbox 396 786 1266 860; baseline -0.003 -15"><span class='ocrx_word' id='word_1_12' title='bbox 396 789 490 860; x_wconf 77' lang='lat' dir='ltr'>gendo</span> <span class='ocrx_word' id='word_1_13' title='bbox 506 788 637 844; x_wconf 87' lang='lat' dir='ltr'>videntur</span> <span class='ocrx_word' id='word_1_14' title='bbox 653 794 735 854; x_wconf 81' lang='lat' dir='ltr'>aetra,</span> <span class='ocrx_word' id='word_1_15' title='bbox 753 802 824 857; x_wconf 80' lang='lat' dir='ltr'>qnae</span> <span class='ocrx_word' id='word_1_16' title='bbox 840 787 929 842; x_wconf 76' lang='lat' dir='ltr'>nubes</span> <span class='ocrx_word' id='word_1_17' title='bbox 946 803 1003 842; x_wconf 94' lang='lat' dir='ltr'><strong><em>non</em></strong></span> <span class='ocrx_word' id='word_1_18' title='bbox 1021 786 1089 842; x_wconf 85' lang='lat' dir='ltr'>deos</span> <span class='ocrx_word' id='word_1_19' title='bbox 1107 802 1167 842; x_wconf 78' lang='lat' dir='ltr'>esse</span> <span class='ocrx_word' id='word_1_20' title='bbox 1184 786 1266 842; x_wconf 87' lang='lat' dir='ltr'>doeet</span> 
     </span>
    </p>
   </div>
   <div class='ocr_carea' id='block_1_3' title="bbox 500 956 1185 1114">
    <p class='ocr_par' dir='ltr' id='par_1_3' title="bbox 500 956 1185 1114">
     <span class='ocr_line' id='line_1_4' title="bbox 941 956 1099 1011; baseline -0.006 0"><span class='ocrx_word' id='word_1_21' title='bbox 941 961 973 1011; x_wconf 71' lang='lat'><strong><em>37</em></strong></span> <span class='ocrx_word' id='word_1_22' title='bbox 1002 961 1036 1011; x_wconf 84' lang='lat'><strong><em>29</em></strong></span> <span class='ocrx_word' id='word_1_23' title='bbox 1056 956 1099 1011; x_wconf 80' lang='lat' dir='ltr'><strong><em>Or.</em></strong></span> 
     </span>
     <span class='ocr_line' id='line_1_5' title="bbox 500 960 1185 1114; baseline -0.001 -17"><span class='ocrx_word' id='word_1_24' title='bbox 500 1043 664 1097; x_wconf 66' lang='lat' dir='ltr'>Hemonam.</span> <span class='ocrx_word' id='word_1_25' title='bbox 682 1062 712 1099; x_wconf 88' lang='grc' dir='ltr'><strong><em>π.</em></strong></span> <span class='ocrx_word' id='word_1_26' title='bbox 724 1062 790 1112; x_wconf 91' lang='grc' dir='ltr'><strong><em>μον.</em></strong></span> <span class='ocrx_word' id='word_1_27' title='bbox 803 1043 857 1109; x_wconf 63' lang='lat' dir='ltr'><strong><em>de.</em></strong></span> <span class='ocrx_word' id='word_1_28' title='bbox 870 1047 913 1109; x_wconf 81' lang='grc'><strong><em>30,</em></strong></span> <span class='ocrx_word' id='word_1_29' title='bbox 925 1047 958 1096; x_wconf 85' lang='grc'><strong><em>30</em></strong></span> <span class='ocrx_word' id='word_1_30' title='bbox 978 960 1002 1099; x_wconf 60' lang='grc' dir='ltr'><strong><em>δ’(</em></strong></span> <span class='ocrx_word' id='word_1_31' title='bbox 1014 1061 1046 1098; x_wconf 94' lang='grc' dir='ltr'><strong><em>τε</em></strong></span> <span class='ocrx_word' id='word_1_32' title='bbox 1065 961 1185 1114; x_wconf 62' lang='grc' dir='ltr'><strong><em>Ξ.)φησί</em></strong></span> 
     </span>
    </p>
   </div>
   <div class='ocr_carea' id='block_1_4' title="bbox 552 1144 1460 1234">
    <p class='ocr_par' dir='ltr' id='par_1_4' title="bbox 552 1144 1460 1234">
     <span class='ocr_line' id='line_1_6' title="bbox 552 1144 1460 1234; baseline -0.001 -23"><span class='ocrx_word' id='word_1_33' title='bbox 552 1151 608 1211; x_wconf 87' lang='grc' dir='ltr'><strong><em>καὶ</em></strong></span> <span class='ocrx_word' id='word_1_34' title='bbox 630 1151 691 1228; x_wconf 82' lang='grc' dir='ltr'><strong><em>μὲν</em></strong></span> <span class='ocrx_word' id='word_1_35' title='bbox 714 1151 763 1211; x_wconf 82' lang='grc' dir='ltr'><strong><em>ἐνί</em></strong></span> <span class='ocrx_word' id='word_1_36' title='bbox 788 1151 977 1212; x_wconf 86' lang='grc' dir='ltr'><strong><em>σπεάτεσσι</em></strong></span> <span class='ocrx_word' id='word_1_37' title='bbox 999 1154 1090 1224; x_wconf 84' lang='grc' dir='ltr'><strong><em>τεοῖς</em></strong></span> <span class='ocrx_word' id='word_1_38' title='bbox 1112 1146 1348 1230; x_wconf 77' lang='grc' dir='ltr'><strong><em>καταλείβεται</em></strong></span> <span class='ocrx_word' id='word_1_39' title='bbox 1369 1144 1460 1234; x_wconf 80' lang='grc' dir='ltr'><strong><em>ὕδωρ</em></strong></span> 
     </span>
    </p>
   </div>
   <div class='ocr_carea' id='block_1_5' title="bbox 399 1274 1658 1617">
    <p class='ocr_par' dir='ltr' id='par_1_5' title="bbox 399 1274 1658 1617">
     <span class='ocr_line' id='line_1_7' title="bbox 501 1274 1657 1351; baseline -0.001 -15"><span class='ocrx_word' id='word_1_40' title='bbox 501 1278 630 1351; x_wconf 80' lang='grc' dir='ltr'><strong><em>καὶμὴν</em></strong></span> <span class='ocrx_word' id='word_1_41' title='bbox 652 1279 753 1334; x_wconf 82' lang='lat' dir='ltr'>codex:</span> <span class='ocrx_word' id='word_1_42' title='bbox 776 1280 895 1344; x_wconf 78' lang='lat' dir='ltr'>oomexi3</span> <span class='ocrx_word' id='word_1_43' title='bbox 920 1280 986 1336; x_wconf 89' lang='lat' dir='ltr'>olim</span> <span class='ocrx_word' id='word_1_44' title='bbox 1004 1279 1075 1348; x_wconf 78' lang='grc' dir='ltr'><strong><em>αίὲν,</em></strong></span> <span class='ocrx_word' id='word_1_45' title='bbox 1093 1279 1140 1334; x_wconf 81' lang='lat' dir='ltr'>olii</span> <span class='ocrx_word' id='word_1_46' title='bbox 1158 1279 1233 1335; x_wconf 78' lang='lat' dir='ltr'>eliud</span> <span class='ocrx_word' id='word_1_47' title='bbox 1293 1274 1431 1337; x_wconf 87' lang='grc' dir='ltr'><strong><em>σπεάτεσι</em></strong></span> <span class='ocrx_word' id='word_1_48' title='bbox 1447 1278 1508 1334; x_wconf 80' lang='lat' dir='ltr'><strong><em>eod</em></strong></span> <span class='ocrx_word' id='word_1_49' title='bbox 1569 1285 1657 1346; x_wconf 86' lang='grc' dir='ltr'><strong><em>τεοῖς]</em></strong></span> 
     </span>
     <span class='ocr_line' id='line_1_8' title="bbox 399 1363 1657 1436; baseline 0 -16"><span class='ocrx_word' id='word_1_50' title='bbox 399 1365 534 1436; x_wconf 76' lang='lat' dir='ltr'><strong>quaedam</strong></span> <span class='ocrx_word' id='word_1_51' title='bbox 546 1371 624 1420; x_wconf 82' lang='lat' dir='ltr'>antra</span> <span class='ocrx_word' id='word_1_52' title='bbox 635 1364 711 1430; x_wconf 81' lang='lat' dir='ltr'>dicit,</span> <span class='ocrx_word' id='word_1_53' title='bbox 729 1379 845 1434; x_wconf 88' lang='lat' dir='ltr'>quornm</span> <span class='ocrx_word' id='word_1_54' title='bbox 857 1365 987 1420; x_wconf 78' lang='lat' dir='ltr'>stilicidia</span> <span class='ocrx_word' id='word_1_55' title='bbox 1003 1371 1166 1434; x_wconf 82' lang='lat' dir='ltr'>argumento</span> <span class='ocrx_word' id='word_1_56' title='bbox 1184 1364 1240 1419; x_wconf 84' lang='lat' dir='ltr'>sint</span> <span class='ocrx_word' id='word_1_57' title='bbox 1250 1371 1350 1420; x_wconf 79' lang='lat' dir='ltr'>terram</span> <span class='ocrx_word' id='word_1_58' title='bbox 1363 1363 1505 1419; x_wconf 76' lang='lat' dir='ltr'>subsidere</span> <span class='ocrx_word' id='word_1_59' title='bbox 1523 1379 1558 1418; x_wconf 83' lang='lat' dir='ltr'><strong><em>ex</em></strong></span> <span class='ocrx_word' id='word_1_60' title='bbox 1576 1379 1657 1434; x_wconf 72' lang='lat' dir='ltr'>equa.</span> 
     </span>
     <span class='ocr_line' id='line_1_9' title="bbox 399 1447 1658 1518; baseline -0.002 -13"><span class='ocrx_word' id='word_1_61' title='bbox 399 1450 473 1505; x_wconf 93' lang='lat' dir='ltr'>idem</span> <span class='ocrx_word' id='word_1_62' title='bbox 496 1451 667 1506; x_wconf 81' lang='lat' dir='ltr'><strong>concluserat</strong></span> <span class='ocrx_word' id='word_1_63' title='bbox 683 1466 718 1505; x_wconf 84' lang='lat' dir='ltr'><strong><em>ex</em></strong></span> <span class='ocrx_word' id='word_1_64' title='bbox 740 1448 849 1504; x_wconf 82' lang='lat' dir='ltr'>eonehis</span> <span class='ocrx_word' id='word_1_65' title='bbox 867 1455 896 1504; x_wconf 87' lang='lat' dir='ltr'><strong><em>et</em></strong></span> <span class='ocrx_word' id='word_1_66' title='bbox 912 1449 1072 1518; x_wconf 81' lang='lat' dir='ltr'>penomatis</span> <span class='ocrx_word' id='word_1_67' title='bbox 1093 1449 1244 1517; x_wconf 82' lang='lat' dir='ltr'>montium;</span> <span class='ocrx_word' id='word_1_68' title='bbox 1262 1467 1291 1504; x_wconf 92' lang='lat' dir='ltr'><strong><em>v.</em></strong></span> <span class='ocrx_word' id='word_1_69' title='bbox 1308 1449 1484 1504; x_wconf 77' lang='lat' dir='ltr'>Luer.1348.</span> <span class='ocrx_word' id='word_1_70' title='bbox 1519 1447 1554 1504; x_wconf 85' lang='lat' dir='ltr'><strong><em>ef.</em></strong></span> <span class='ocrx_word' id='word_1_71' title='bbox 1572 1448 1658 1518; x_wconf 83' lang='lat' dir='ltr'>Orph.</span> 
     </span>
     <span class='ocr_line' id='line_1_10' title="bbox 402 1525 1320 1617; baseline -0.002 -27"><span class='ocrx_word' id='word_1_72' title='bbox 402 1540 454 1617; x_wconf 76' lang='lat'><strong><em>252</em></strong></span> <span class='ocrx_word' id='word_1_73' title='bbox 472 1535 556 1591; x_wconf 84' lang='lat' dir='ltr'><strong>Abel.</strong></span> <span class='ocrx_word' id='word_1_74' title='bbox 573 1539 622 1592; x_wconf 86' lang='grc' dir='ltr'><strong><em>καί</em></strong></span> <span class='ocrx_word' id='word_1_75' title='bbox 639 1534 707 1609; x_wconf 84' lang='grc' dir='ltr'><strong><em>βέδν</em></strong></span> <span class='ocrx_word' id='word_1_76' title='bbox 726 1531 866 1606; x_wconf 77' lang='grc' dir='ltr'><em>νυμφάων</em></span> <span class='ocrx_word' id='word_1_77' title='bbox 882 1535 1088 1608; x_wconf 79' lang='grc' dir='ltr'><strong><em>καταλείβεται</em></strong></span> <span class='ocrx_word' id='word_1_78' title='bbox 1105 1527 1218 1606; x_wconf 85' lang='grc' dir='ltr'><strong><em>άχλαὸν</em></strong></span> <span class='ocrx_word' id='word_1_79' title='bbox 1234 1525 1320 1607; x_wconf 63' lang='grc' dir='ltr'><strong><em>ὕδωρ.</em></strong></span> 
     </span>
    </p>
   </div>
   <div class='ocr_carea' id='block_1_6' title="bbox 401 1703 1661 2403">
    <p class='ocr_par' dir='ltr' id='par_1_6' title="bbox 948 1703 1115 1770">
     <span class='ocr_line' id='line_1_11' title="bbox 948 1703 1115 1770; baseline 0.006 -12"><span class='ocrx_word' id='word_1_80' title='bbox 948 1707 981 1759; x_wconf 82' lang='grc'><strong><em>38</em></strong></span> <span class='ocrx_word' id='word_1_81' title='bbox 1000 1708 1044 1767; x_wconf 83' lang='grc'><strong><em>(25</em></strong></span> <span class='ocrx_word' id='word_1_82' title='bbox 1062 1703 1115 1770; x_wconf 76' lang='lat' dir='ltr'>(h.)</span> 
     </span>
    </p>

    <p class='ocr_par' dir='ltr' id='par_1_7' title="bbox 401 1785 1661 2202">
     <span class='ocr_line' id='line_1_12' title="bbox 504 1785 1659 1863; baseline -0.001 -18"><span class='ocrx_word' id='word_1_83' title='bbox 504 1790 667 1845; x_wconf 74' lang='lat' dir='ltr'>Hmonmn.</span> <span class='ocrx_word' id='word_1_84' title='bbox 679 1809 707 1846; x_wconf 84' lang='grc' dir='ltr'><strong><em>τι.</em></strong></span> <span class='ocrx_word' id='word_1_85' title='bbox 721 1808 788 1858; x_wconf 90' lang='grc' dir='ltr'><strong><em>μον.</em></strong></span> <span class='ocrx_word' id='word_1_86' title='bbox 800 1787 855 1855; x_wconf 76' lang='grc' dir='ltr'><strong><em>λάξ.</em></strong></span> <span class='ocrx_word' id='word_1_87' title='bbox 867 1797 896 1858; x_wconf 78' lang='lat' dir='ltr'><strong><em>p:</em></strong></span> <span class='ocrx_word' id='word_1_88' title='bbox 907 1793 950 1856; x_wconf 83' lang='grc'><strong><em>41,</em></strong></span> <span class='ocrx_word' id='word_1_89' title='bbox 963 1794 978 1843; x_wconf 83' lang='grc'><strong>5</strong></span> <span class='ocrx_word' id='word_1_90' title='bbox 997 1793 1151 1860; x_wconf 83' lang='grc' dir='ltr'><strong><em>σημειῶδες</em></strong></span> <span class='ocrx_word' id='word_1_91' title='bbox 1167 1785 1225 1858; x_wconf 90' lang='grc' dir='ltr'><strong><em>άρα</em></strong></span> <span class='ocrx_word' id='word_1_92' title='bbox 1242 1787 1277 1846; x_wconf 87' lang='grc' dir='ltr'><strong><em>τὸ</em></strong></span> <span class='ocrx_word' id='word_1_93' title='bbox 1295 1787 1376 1863; x_wconf 87' lang='grc' dir='ltr'><strong><em>παρά</em></strong></span> <span class='ocrx_word' id='word_1_94' title='bbox 1389 1789 1550 1860; x_wconf 82' lang='grc' dir='ltr'><strong><em>Ξενοφάνει</em></strong></span> <span class='ocrx_word' id='word_1_95' title='bbox 1570 1793 1659 1856; x_wconf 83' lang='grc' dir='ltr'><strong><em>[ξενο-</em></strong></span> 
     </span>
     <span class='ocr_line' id='line_1_13' title="bbox 401 1867 1660 1947; baseline -0.003 -15"><span class='ocrx_word' id='word_1_96' title='bbox 401 1879 492 1947; x_wconf 88' lang='grc' dir='ltr'><strong><em>φῶντι</em></strong></span> <span class='ocrx_word' id='word_1_97' title='bbox 504 1875 574 1940; x_wconf 81' lang='lat' dir='ltr'>cod]</span> <span class='ocrx_word' id='word_1_98' title='bbox 592 1870 723 1947; x_wconf 84' lang='grc' dir='ltr'><strong><em>χλάσσων</em></strong></span> <span class='ocrx_word' id='word_1_99' title='bbox 735 1867 743 1891; x_wconf 80' lang='lat'>⁴</span> <span class='ocrx_word' id='word_1_100' title='bbox 753 1873 784 1930; x_wconf 89' lang='grc' dir='ltr'><strong><em>εί</em></strong></span> <span class='ocrx_word' id='word_1_101' title='bbox 793 1871 871 1946; x_wconf 80' lang='grc' dir='ltr'><strong><em>μή-</em></strong></span> <span class='ocrx_word' id='word_1_102' title='bbox 883 1874 1057 1930; x_wconf 70' lang='grc' dir='ltr'><strong><em>πέλεσθαι</em></strong></span> <span class='ocrx_word' id='word_1_103' title='bbox 1069 1874 1144 1939; x_wconf 87' lang='lat' dir='ltr'>[Lex.</span> <span class='ocrx_word' id='word_1_104' title='bbox 1157 1873 1228 1930; x_wconf 87' lang='lat' dir='ltr'>Gud.</span> <span class='ocrx_word' id='word_1_105' title='bbox 1241 1878 1301 1940; x_wconf 85' lang='grc'><strong>301,</strong></span> <span class='ocrx_word' id='word_1_106' title='bbox 1314 1878 1346 1928; x_wconf 80' lang='lat'><strong><em>15</em></strong></span> <span class='ocrx_word' id='word_1_107' title='bbox 1363 1872 1498 1947; x_wconf 84' lang='grc' dir='ltr'><strong><em>κέχρηται</em></strong></span> <span class='ocrx_word' id='word_1_108' title='bbox 1516 1872 1547 1931; x_wconf 78' lang='grc' dir='ltr'><strong><em>δὲ</em></strong></span> <span class='ocrx_word' id='word_1_109' title='bbox 1558 1876 1591 1933; x_wconf 81' lang='grc' dir='ltr'><strong><em>Ξ.</em></strong></span> <span class='ocrx_word' id='word_1_110' title='bbox 1606 1875 1660 1930; x_wconf 89' lang='grc' dir='ltr'><strong><em>τῶι</em></strong></span> 
     </span>
     <span class='ocr_line' id='line_1_14' title="bbox 403 1954 1660 2032; baseline -0.002 -14"><span class='ocrx_word' id='word_1_111' title='bbox 403 1954 525 2031; x_wconf 83' lang='grc' dir='ltr'><strong><em>ὀνόματι</em></strong></span> <span class='ocrx_word' id='word_1_112' title='bbox 539 1954 603 2017; x_wconf 83' lang='grc' dir='ltr'><strong><em>οίον</em></strong></span> <span class='ocrx_word' id='word_1_113' title='bbox 613 1955 802 2032; x_wconf 76' lang='grc' dir='ltr'><strong><em>“χλύσσονα</em></strong></span> <span class='ocrx_word' id='word_1_114' title='bbox 816 1961 915 2025; x_wconf 78' lang='grc' dir='ltr'><strong><em>σῦκας</em></strong></span> <span class='ocrx_word' id='word_1_115' title='bbox 934 1959 979 2013; x_wconf 69' lang='lat' dir='ltr'><strong><em>Ee</em></strong></span> <span class='ocrx_word' id='word_1_116' title='bbox 988 1975 1051 2029; x_wconf 84' lang='lat' dir='ltr'>gen.</span> <span class='ocrx_word' id='word_1_117' title='bbox 1062 1975 1096 2015; x_wconf 90' lang='lat' dir='ltr'><strong><em>ex</em></strong></span> <span class='ocrx_word' id='word_1_118' title='bbox 1106 1960 1170 2015; x_wconf 88' lang='lat' dir='ltr'>Her.</span> <span class='ocrx_word' id='word_1_119' title='bbox 1183 1979 1212 2016; x_wconf 88' lang='grc' dir='ltr'><strong><em>π.</em></strong></span> <span class='ocrx_word' id='word_1_120' title='bbox 1223 1965 1294 2016; x_wconf 77' lang='grc' dir='ltr'><strong><em>παδ.</em></strong></span> <span class='ocrx_word' id='word_1_121' title='bbox 1306 1977 1329 2014; x_wconf 83' lang='grc' dir='ltr'><strong><em>ε.</em></strong></span> <span class='ocrx_word' id='word_1_122' title='bbox 1338 1977 1366 2014; x_wconf 86' lang='lat' dir='ltr'><strong><em>v.</em></strong></span> <span class='ocrx_word' id='word_1_123' title='bbox 1378 1956 1522 2031; x_wconf 75' lang='grc' dir='ltr'><strong><em>χλάσσιοντ</em></strong></span> <span class='ocrx_word' id='word_1_124' title='bbox 1534 1954 1551 2016; x_wconf 81' lang='grc' dir='ltr'><em>ὃ</em></span> <span class='ocrx_word' id='word_1_125' title='bbox 1561 1956 1660 2032; x_wconf 76' lang='grc' dir='ltr'><strong><em>γλυκά-</em></strong></span> 
     </span>
     <span class='ocr_line' id='line_1_15' title="bbox 401 2037 1661 2119; baseline -0.003 -16"><span class='ocrx_word' id='word_1_126' title='bbox 401 2064 486 2118; x_wconf 83' lang='grc' dir='ltr'><strong><em>τερος</em></strong></span> <span class='ocrx_word' id='word_1_127' title='bbox 505 2044 584 2117; x_wconf 87' lang='grc' dir='ltr'><strong><em>παρά</em></strong></span> <span class='ocrx_word' id='word_1_128' title='bbox 603 2038 791 2119; x_wconf 90' lang='grc' dir='ltr'><strong><em>άριστοφάνει</em></strong></span> <span class='ocrx_word' id='word_1_129' title='bbox 808 2037 1004 2115; x_wconf 60' lang='grc' dir='ltr'><strong><em>ιχλύσσονα</em></strong></span> <span class='ocrx_word' id='word_1_130' title='bbox 1022 2037 1136 2111; x_wconf 81' lang='grc' dir='ltr'><strong><em>σῦκα’;</em></strong></span> <span class='ocrx_word' id='word_1_131' title='bbox 1156 2045 1278 2100; x_wconf 84' lang='lat' dir='ltr'>indidem</span> <span class='ocrx_word' id='word_1_132' title='bbox 1299 2062 1321 2100; x_wconf 82' lang='grc' dir='ltr'><strong><em>ε.</em></strong></span> <span class='ocrx_word' id='word_1_133' title='bbox 1333 2062 1361 2100; x_wconf 86' lang='lat' dir='ltr'><strong><em>v.</em></strong></span> <span class='ocrx_word' id='word_1_134' title='bbox 1373 2045 1505 2118; x_wconf 78' lang='grc' dir='ltr'><strong><em>κάρρῶνι</em></strong></span> <span class='ocrx_word' id='word_1_135' title='bbox 1523 2044 1661 2117; x_wconf 81' lang='grc' dir='ltr'><strong><em>κέχρηται</em></strong></span> 
     </span>
     <span class='ocr_line' id='line_1_16' title="bbox 401 2122 1452 2202; baseline 0 -16"><span class='ocrx_word' id='word_1_136' title='bbox 401 2129 432 2186; x_wconf 71' lang='grc' dir='ltr'><strong><em>δὲ</em></strong></span> <span class='ocrx_word' id='word_1_137' title='bbox 449 2125 608 2202; x_wconf 82' lang='grc' dir='ltr'><strong><em>ξενοφάνης</em></strong></span> <span class='ocrx_word' id='word_1_138' title='bbox 625 2134 766 2201; x_wconf 79' lang='grc' dir='ltr'><strong><em>[ξενοφῶν</em></strong></span> <span class='ocrx_word' id='word_1_139' title='bbox 776 2130 809 2194; x_wconf 90' lang='grc' dir='ltr'><strong><em>Β]</em></strong></span> <span class='ocrx_word' id='word_1_140' title='bbox 827 2132 878 2185; x_wconf 90' lang='grc' dir='ltr'><strong><em>τῶι</em></strong></span> <span class='ocrx_word' id='word_1_141' title='bbox 898 2122 1021 2198; x_wconf 78' lang='grc' dir='ltr'><strong><em>ὀνόματι</em></strong></span> <span class='ocrx_word' id='word_1_142' title='bbox 1040 2123 1105 2185; x_wconf 77' lang='grc' dir='ltr'><strong><em>οἷον</em></strong></span> <span class='ocrx_word' id='word_1_143' title='bbox 1118 2123 1313 2202; x_wconf 61' lang='grc' dir='ltr'><strong><em>ιχλάσσονα</em></strong></span> <span class='ocrx_word' id='word_1_144' title='bbox 1331 2123 1452 2201; x_wconf 78' lang='grc' dir='ltr'><strong><em>σῦκαἸ.</em></strong></span> 
     </span>
    </p>

    <p class='ocr_par' dir='ltr' id='par_1_8' title="bbox 557 2217 1475 2403">
     <span class='ocr_line' id='line_1_17' title="bbox 557 2217 1475 2306; baseline 0.002 -25"><span class='ocrx_word' id='word_1_145' title='bbox 557 2222 588 2281; x_wconf 87' lang='grc' dir='ltr'><strong><em>εί</em></strong></span> <span class='ocrx_word' id='word_1_146' title='bbox 609 2223 654 2306; x_wconf 72' lang='grc' dir='ltr'><strong><em>μὴ</em></strong></span> <span class='ocrx_word' id='word_1_147' title='bbox 676 2218 806 2304; x_wconf 83' lang='grc' dir='ltr'><strong><em>χλωρὸν</em></strong></span> <span class='ocrx_word' id='word_1_148' title='bbox 828 2222 934 2305; x_wconf 80' lang='grc' dir='ltr'><strong><em>ἔφυσε</em></strong></span> <span class='ocrx_word' id='word_1_149' title='bbox 956 2221 1042 2294; x_wconf 77' lang='grc' dir='ltr'><strong><em>θεὸς</em></strong></span> <span class='ocrx_word' id='word_1_150' title='bbox 1063 2218 1149 2298; x_wconf 83' lang='grc' dir='ltr'><strong><em>μέλι,</em></strong></span> <span class='ocrx_word' id='word_1_151' title='bbox 1174 2217 1302 2283; x_wconf 87' lang='grc' dir='ltr'><strong><em>πολλὸν</em></strong></span> <span class='ocrx_word' id='word_1_152' title='bbox 1325 2224 1475 2306; x_wconf 77' lang='grc' dir='ltr'><strong><em>ἔφασκον</em></strong></span> 
     </span>
     <span class='ocr_line' id='line_1_18' title="bbox 557 2319 1039 2403; baseline 0.004 -21"><span class='ocrx_word' id='word_1_153' title='bbox 557 2319 726 2403; x_wconf 81' lang='grc' dir='ltr'><strong><em>χλάσσονα</em></strong></span> <span class='ocrx_word' id='word_1_154' title='bbox 751 2329 832 2383; x_wconf 82' lang='grc' dir='ltr'><strong><em>σῦκα</em></strong></span> <span class='ocrx_word' id='word_1_155' title='bbox 856 2319 1039 2384; x_wconf 76' lang='grc' dir='ltr'><strong><em>πέλεσθαι.</em></strong></span> 
     </span>
    </p>
   </div>
   <div class='ocr_carea' id='block_1_7' title="bbox 509 2445 1662 2524">
    <p class='ocr_par' dir='ltr' id='par_1_9' title="bbox 509 2445 1662 2524">
     <span class='ocr_line' id='line_1_19' title="bbox 509 2445 1662 2524; baseline -0.001 -17"><span class='ocrx_word' id='word_1_156' title='bbox 509 2455 626 2507; x_wconf 82' lang='grc' dir='ltr'><strong><em>πολλῶν</em></strong></span> <span class='ocrx_word' id='word_1_157' title='bbox 643 2451 716 2507; x_wconf 85' lang='lat' dir='ltr'>ond:</span> <span class='ocrx_word' id='word_1_158' title='bbox 734 2451 820 2506; x_wconf 80' lang='lat' dir='ltr'>Lehm</span> <span class='ocrx_word' id='word_1_159' title='bbox 871 2469 907 2506; x_wconf 81' lang='lat' dir='ltr'><strong><em>an</em></strong></span> <span class='ocrx_word' id='word_1_160' title='bbox 924 2445 1030 2523; x_wconf 74' lang='grc' dir='ltr'><strong><em>ἔφασκ’</em></strong></span> <span class='ocrx_word' id='word_1_161' title='bbox 1049 2447 1110 2510; x_wconf 66' lang='lat' dir='ltr'><strong><em>dv?</em></strong></span> <span class='ocrx_word' id='word_1_162' title='bbox 1162 2448 1317 2524; x_wconf 80' lang='grc' dir='ltr'><strong><em>ηλάσσονα]</em></strong></span> <span class='ocrx_word' id='word_1_163' title='bbox 1336 2467 1417 2522; x_wconf 83' lang='lat' dir='ltr'>quam</span> <span class='ocrx_word' id='word_1_164' title='bbox 1435 2459 1525 2509; x_wconf 76' lang='lat' dir='ltr'>cotom</span> <span class='ocrx_word' id='word_1_165' title='bbox 1542 2452 1578 2508; x_wconf 80' lang='lat' dir='ltr'><strong><em>ef.</em></strong></span> <span class='ocrx_word' id='word_1_166' title='bbox 1592 2456 1617 2518; x_wconf 93' lang='lat'><strong><em>1,</em></strong></span> <span class='ocrx_word' id='word_1_167' title='bbox 1631 2456 1662 2506; x_wconf 86' lang='grc'><strong><em>10</em></strong></span> 
     </span>
    </p>
   </div>
   <div class='ocr_carea' id='block_1_8' title="bbox 405 2623 1667 3359">
    <p class='ocr_par' dir='ltr' id='par_1_10' title="bbox 951 2623 1110 2688">
     <span class='ocr_line' id='line_1_20' title="bbox 951 2623 1110 2688; baseline 0 -12"><span class='ocrx_word' id='word_1_168' title='bbox 951 2623 1110 2688; x_wconf 68' lang='grc' dir='ltr'><strong>31112οΚ.)</strong></span> 
     </span>
    </p>

    <p class='ocr_par' dir='ltr' id='par_1_11' title="bbox 405 2702 1665 3096">
     <span class='ocr_line' id='line_1_21' title="bbox 507 2702 1663 2781; baseline 0.003 -21"><span class='ocrx_word' id='word_1_169' title='bbox 507 2706 626 2760; x_wconf 80' lang='lat' dir='ltr'>Ponnnx</span> <span class='ocrx_word' id='word_1_170' title='bbox 643 2706 683 2762; x_wconf 92' lang='lat' dir='ltr'><strong><em>VI</em></strong></span> <span class='ocrx_word' id='word_1_171' title='bbox 699 2710 732 2761; x_wconf 84' lang='grc'><strong><em>46</em></strong></span> <span class='ocrx_word' id='word_1_172' title='bbox 750 2706 794 2772; x_wconf 82' lang='lat' dir='ltr'>(of.</span> <span class='ocrx_word' id='word_1_173' title='bbox 812 2706 917 2762; x_wconf 84' lang='lat' dir='ltr'>Athen.</span> <span class='ocrx_word' id='word_1_174' title='bbox 934 2708 963 2761; x_wconf 90' lang='lat' dir='ltr'>H</span> <span class='ocrx_word' id='word_1_175' title='bbox 981 2708 1046 2761; x_wconf 80' lang='lat'>5113</span> <span class='ocrx_word' id='word_1_176' title='bbox 1061 2711 1131 2778; x_wconf 80' lang='lat' dir='ltr'><strong>sqq·)</strong></span> <span class='ocrx_word' id='word_1_177' title='bbox 1155 2704 1308 2777; x_wconf 82' lang='grc' dir='ltr'><strong><em>συκάμινα·</em></strong></span> <span class='ocrx_word' id='word_1_178' title='bbox 1335 2712 1426 2766; x_wconf 85' lang='grc' dir='ltr'><strong><em>ταῦτα</em></strong></span> <span class='ocrx_word' id='word_1_179' title='bbox 1452 2707 1482 2764; x_wconf 79' lang='grc' dir='ltr'><strong><em>δὲ</em></strong></span> <span class='ocrx_word' id='word_1_180' title='bbox 1505 2709 1555 2763; x_wconf 82' lang='grc' dir='ltr'><strong><em>καί</em></strong></span> <span class='ocrx_word' id='word_1_181' title='bbox 1581 2702 1663 2781; x_wconf 92' lang='grc' dir='ltr'><strong><em>μόρα</em></strong></span> 
     </span>
     <span class='ocr_line' id='line_1_22' title="bbox 405 2781 1664 2865; baseline 0.002 -17"><span class='ocrx_word' id='word_1_182' title='bbox 405 2788 546 2864; x_wconf 79' lang='grc' dir='ltr'><strong><em>Αἴσχνλος</em></strong></span> <span class='ocrx_word' id='word_1_183' title='bbox 558 2786 712 2860; x_wconf 77' lang='grc' dir='ltr'><strong><em>ὠνόμασεν</em></strong></span> <span class='ocrx_word' id='word_1_184' title='bbox 731 2781 823 2858; x_wconf 58' lang='grc' dir='ltr'><strong><em>οὕτως</em></strong></span> <span class='ocrx_word' id='word_1_185' title='bbox 834 2787 924 2849; x_wconf 82' lang='grc' dir='ltr'><strong><em>εἰπὼν</em></strong></span> <span class='ocrx_word' id='word_1_186' title='bbox 940 2791 976 2851; x_wconf 85' lang='grc' dir='ltr'><strong><em>τά</em></strong></span> <span class='ocrx_word' id='word_1_187' title='bbox 995 2791 1029 2849; x_wconf 81' lang='grc' dir='ltr'><strong><em>ἐκ</em></strong></span> <span class='ocrx_word' id='word_1_188' title='bbox 1041 2796 1091 2865; x_wconf 82' lang='grc' dir='ltr'><strong><em>τῆς</em></strong></span> <span class='ocrx_word' id='word_1_189' title='bbox 1102 2788 1209 2862; x_wconf 88' lang='grc' dir='ltr'><strong><em>βάτου·</em></strong></span> <span class='ocrx_word' id='word_1_190' title='bbox 1227 2789 1302 2865; x_wconf 92' lang='grc' dir='ltr'><strong><em>τάχα</em></strong></span> <span class='ocrx_word' id='word_1_191' title='bbox 1321 2785 1349 2849; x_wconf 79' lang='grc' dir='ltr'><strong><em>δ’</em></strong></span> <span class='ocrx_word' id='word_1_192' title='bbox 1366 2790 1404 2851; x_wconf 88' lang='grc' dir='ltr'><strong><em>άν</em></strong></span> <span class='ocrx_word' id='word_1_193' title='bbox 1421 2813 1464 2859; x_wconf 87' lang='grc' dir='ltr'><strong><em>τις</em></strong></span> <span class='ocrx_word' id='word_1_194' title='bbox 1474 2795 1524 2849; x_wconf 82' lang='grc' dir='ltr'><strong><em>καί</em></strong></span> <span class='ocrx_word' id='word_1_195' title='bbox 1539 2785 1664 2864; x_wconf 85' lang='grc' dir='ltr'><strong><em>κεράσια</em></strong></span> 
     </span>
     <span class='ocr_line' id='line_1_23' title="bbox 406 2872 1665 2952; baseline 0.003 -20"><span class='ocrx_word' id='word_1_196' title='bbox 406 2877 478 2948; x_wconf 91' lang='grc' dir='ltr'><strong><em>φαίη</em></strong></span> <span class='ocrx_word' id='word_1_197' title='bbox 496 2877 541 2943; x_wconf 83' lang='lat' dir='ltr'>[of.</span> <span class='ocrx_word' id='word_1_198' title='bbox 560 2875 620 2932; x_wconf 83' lang='lat' dir='ltr'><strong>Gal.</strong></span> <span class='ocrx_word' id='word_1_199' title='bbox 638 2876 679 2931; x_wconf 88' lang='lat' dir='ltr'><strong><em>VI</em></strong></span> <span class='ocrx_word' id='word_1_200' title='bbox 691 2879 740 2930; x_wconf 85' lang='lat'><strong><em>588</em></strong></span> <span class='ocrx_word' id='word_1_201' title='bbox 753 2877 807 2944; x_wconf 91' lang='grc' dir='ltr'><strong>Κ.],</strong></span> <span class='ocrx_word' id='word_1_202' title='bbox 823 2876 980 2949; x_wconf 82' lang='grc' dir='ltr'><strong><em>κέρασον</em></strong></span> <span class='ocrx_word' id='word_1_203' title='bbox 1000 2872 1036 2934; x_wconf 87' lang='grc' dir='ltr'><strong><em>τὸ</em></strong></span> <span class='ocrx_word' id='word_1_204' title='bbox 1055 2877 1173 2947; x_wconf 81' lang='grc' dir='ltr'><strong><em>δένδρον</em></strong></span> <span class='ocrx_word' id='word_1_205' title='bbox 1194 2876 1227 2934; x_wconf 75' lang='grc' dir='ltr'><strong><em>ἐν</em></strong></span> <span class='ocrx_word' id='word_1_206' title='bbox 1244 2882 1297 2934; x_wconf 88' lang='grc' dir='ltr'><strong><em>τῶι</em></strong></span> <span class='ocrx_word' id='word_1_207' title='bbox 1315 2880 1403 2952; x_wconf 87' lang='grc' dir='ltr'><strong><em>Περί</em></strong></span> <span class='ocrx_word' id='word_1_208' title='bbox 1420 2874 1555 2949; x_wconf 83' lang='grc' dir='ltr'><strong><em>φάσεωε</em></strong></span> <span class='ocrx_word' id='word_1_209' title='bbox 1573 2880 1665 2937; x_wconf 84' lang='grc' dir='ltr'><strong><em>Ξενο·</em></strong></span> 
     </span>
     <span class='ocr_line' id='line_1_24' title="bbox 406 2953 1117 3096; baseline -0.003 -77"><span class='ocrx_word' id='word_1_210' title='bbox 406 2957 520 3031; x_wconf 86' lang='grc' dir='ltr'><strong><em>φάνους</em></strong></span> <span class='ocrx_word' id='word_1_211' title='bbox 538 2953 640 3034; x_wconf 75' lang='grc' dir='ltr'><strong><em>εὓρῶν.</em></strong></span> <span class='ocrx_word' id='word_1_212' title='bbox 956 3034 990 3084; x_wconf 71' lang='lat'><strong><em>4⁰</em></strong></span> <span class='ocrx_word' id='word_1_213' title='bbox 1009 3034 1053 3092; x_wconf 51' lang='lat'><strong><em>‘30</em></strong></span> <span class='ocrx_word' id='word_1_214' title='bbox 1071 3031 1117 3096; x_wconf 65' lang='lat' dir='ltr'><strong><em>K)</em></strong></span> 
     </span>
    </p>

    <p class='ocr_par' dir='ltr' id='par_1_12' title="bbox 405 3108 1667 3359">
     <span class='ocr_line' id='line_1_25' title="bbox 508 3108 1665 3189; baseline 0.002 -20"><span class='ocrx_word' id='word_1_215' title='bbox 508 3115 603 3169; x_wconf 78' lang='lat' dir='ltr'><strong><em>Emi.</em></strong></span> <span class='ocrx_word' id='word_1_216' title='bbox 615 3130 683 3169; x_wconf 67' lang='lat' dir='ltr'>ome.</span> <span class='ocrx_word' id='word_1_217' title='bbox 696 3131 718 3169; x_wconf 83' lang='grc' dir='ltr'><strong><em>ε.</em></strong></span> <span class='ocrx_word' id='word_1_218' title='bbox 730 3131 758 3168; x_wconf 82' lang='grc' dir='ltr'><strong><em>ν.</em></strong></span> <span class='ocrx_word' id='word_1_219' title='bbox 769 3110 883 3188; x_wconf 83' lang='grc' dir='ltr'><strong><em>βρότα</em></strong></span> <span class='ocrx_word' id='word_1_220' title='bbox 886 3134 953 3186; x_wconf 92' lang='grc' dir='ltr'><strong><em>χον</em></strong></span> <span class='ocrx_word' id='word_1_221' title='bbox 970 3113 1024 3171; x_wconf 86' lang='grc' dir='ltr'><strong><em>τὸν</em></strong></span> <span class='ocrx_word' id='word_1_222' title='bbox 1034 3111 1288 3189; x_wconf 82' lang='grc' dir='ltr'><strong><em>βάτραχονἼοινες</em></strong></span> <span class='ocrx_word' id='word_1_223' title='bbox 1301 3117 1360 3184; x_wconf 90' lang='grc' dir='ltr'><strong><em>[καί</em></strong></span> <span class='ocrx_word' id='word_1_224' title='bbox 1370 3108 1574 3189; x_wconf 74' lang='grc' dir='ltr'><strong><em>Ἀριστοφάνης</em></strong></span> <span class='ocrx_word' id='word_1_225' title='bbox 1585 3118 1665 3188; x_wconf 86' lang='grc' dir='ltr'><strong><em>φησί]</em></strong></span> 
     </span>
     <span class='ocr_line' id='line_1_26' title="bbox 405 3192 1666 3274; baseline 0 -19"><span class='ocrx_word' id='word_1_226' title='bbox 405 3202 455 3255; x_wconf 82' lang='grc' dir='ltr'><strong><em>καί</em></strong></span> <span class='ocrx_word' id='word_1_227' title='bbox 464 3199 544 3274; x_wconf 84' lang='grc' dir='ltr'><strong><em>παρά</em></strong></span> <span class='ocrx_word' id='word_1_228' title='bbox 554 3196 729 3272; x_wconf 85' lang='grc' dir='ltr'><strong><em>Ξενοφάνει·</em></strong></span> <span class='ocrx_word' id='word_1_229' title='bbox 748 3197 898 3274; x_wconf 78' lang='grc' dir='ltr'><strong><em>βάτραχος</em></strong></span> <span class='ocrx_word' id='word_1_230' title='bbox 909 3202 959 3256; x_wconf 84' lang='grc' dir='ltr'><strong><em>καί</em></strong></span> <span class='ocrx_word' id='word_1_231' title='bbox 969 3192 1043 3257; x_wconf 74' lang='grc' dir='ltr'><strong><em>καθ’</em></strong></span> <span class='ocrx_word' id='word_1_232' title='bbox 1051 3194 1275 3273; x_wconf 78' lang='grc' dir='ltr'><strong><em>ὕπερβιβασμὸν</em></strong></span> <span class='ocrx_word' id='word_1_233' title='bbox 1285 3192 1435 3272; x_wconf 89' lang='grc' dir='ltr'><strong><em>βράταχος</em></strong></span> <span class='ocrx_word' id='word_1_234' title='bbox 1446 3202 1495 3256; x_wconf 86' lang='grc' dir='ltr'><strong><em>καί</em></strong></span> <span class='ocrx_word' id='word_1_235' title='bbox 1506 3195 1666 3273; x_wconf 90' lang='grc' dir='ltr'><strong><em>βρόταχος.</em></strong></span> 
     </span>
     <span class='ocr_line' id='line_1_27' title="bbox 406 3277 1667 3359; baseline -0.002 -19"><span class='ocrx_word' id='word_1_236' title='bbox 406 3284 441 3340; x_wconf 83' lang='lat' dir='ltr'><strong><em>oi.</em></strong></span> <span class='ocrx_word' id='word_1_237' title='bbox 450 3284 569 3357; x_wconf 82' lang='lat' dir='ltr'>Hesyeh.</span> <span class='ocrx_word' id='word_1_238' title='bbox 581 3281 744 3359; x_wconf 76' lang='grc' dir='ltr'><strong><em>βρόταχοςι</em></strong></span> <span class='ocrx_word' id='word_1_239' title='bbox 755 3281 906 3357; x_wconf 87' lang='grc' dir='ltr'><strong><em>βάτραχος</em></strong></span> <span class='ocrx_word' id='word_1_240' title='bbox 939 3287 989 3341; x_wconf 82' lang='grc' dir='ltr'><strong><em>καί</em></strong></span> <span class='ocrx_word' id='word_1_241' title='bbox 997 3277 1201 3357; x_wconf 70' lang='grc' dir='ltr'><strong><em>Ἀριστοφάνης</em></strong></span> <span class='ocrx_word' id='word_1_242' title='bbox 1212 3285 1265 3340; x_wconf 88' lang='lat' dir='ltr'>del.</span> <span class='ocrx_word' id='word_1_243' title='bbox 1274 3285 1395 3341; x_wconf 78' lang='lat' dir='ltr'>Dindoii</span> <span class='ocrx_word' id='word_1_244' title='bbox 1421 3287 1580 3355; x_wconf 82' lang='grc' dir='ltr'><strong><em>ξενοφῶντι</em></strong></span> <span class='ocrx_word' id='word_1_245' title='bbox 1592 3283 1667 3340; x_wconf 84' lang='lat' dir='ltr'>Flor.</span> 
     </span>
    </p>
   </div>
   <div class='ocr_carea' id='block_1_9' title="bbox 408 3458 1667 3951">
    <p class='ocr_par' dir='ltr' id='par_1_13' title="bbox 408 3458 1667 3951">
     <span class='ocr_line' id='line_1_28' title="bbox 1016 3458 1049 3509; baseline -0.03 0"><span class='ocrx_word' id='word_1_246' title='bbox 1016 3458 1049 3509; x_wconf 79' lang='lat'><strong><em>⁴11</em></strong></span> 
     </span>
     <span class='ocr_line' id='line_1_29' title="bbox 509 3535 1667 3612; baseline 0.004 -19"><span class='ocrx_word' id='word_1_247' title='bbox 509 3539 609 3593; x_wconf 76' lang='lat' dir='ltr'><strong><em>szz.</em></strong></span> <span class='ocrx_word' id='word_1_248' title='bbox 628 3539 664 3594; x_wconf 87' lang='lat' dir='ltr'><strong><em>ad</em></strong></span> <span class='ocrx_word' id='word_1_249' title='bbox 682 3539 767 3594; x_wconf 90' lang='lat' dir='ltr'>Dion.</span> <span class='ocrx_word' id='word_1_250' title='bbox 784 3539 891 3609; x_wconf 83' lang='lat' dir='ltr'>Perieg.</span> <span class='ocrx_word' id='word_1_251' title='bbox 909 3557 938 3594; x_wconf 91' lang='lat' dir='ltr'><strong><em>v.</em></strong></span> <span class='ocrx_word' id='word_1_252' title='bbox 955 3543 1005 3594; x_wconf 88' lang='grc'><strong><em>040</em></strong></span> <span class='ocrx_word' id='word_1_253' title='bbox 1022 3556 1050 3608; x_wconf 90' lang='lat' dir='ltr'><strong><em>p.</em></strong></span> <span class='ocrx_word' id='word_1_254' title='bbox 1064 3543 1130 3593; x_wconf 92' lang='grc'><strong>1010</strong></span> <span class='ocrx_word' id='word_1_255' title='bbox 1147 3538 1309 3609; x_wconf 82' lang='lat' dir='ltr'>Bernhardy</span> <span class='ocrx_word' id='word_1_256' title='bbox 1326 3541 1393 3612; x_wconf 87' lang='grc' dir='ltr'><strong><em>περί</em></strong></span> <span class='ocrx_word' id='word_1_257' title='bbox 1410 3542 1470 3596; x_wconf 91' lang='grc' dir='ltr'><strong><em>τῶν</em></strong></span> <span class='ocrx_word' id='word_1_258' title='bbox 1487 3539 1528 3606; x_wconf 82' lang='grc' dir='ltr'><strong><em>εἰς</em></strong></span> <span class='ocrx_word' id='word_1_259' title='bbox 1546 3535 1599 3612; x_wconf 66' lang='grc' dir='ltr'><strong><em>ρος</em></strong></span> <span class='ocrx_word' id='word_1_260' title='bbox 1616 3561 1667 3598; x_wconf 93' lang='grc' dir='ltr'><strong><em>κα-</em></strong></span> 
     </span>
     <span class='ocr_line' id='line_1_30' title="bbox 408 3619 1301 3697; baseline 0.001 -17"><span class='ocrx_word' id='word_1_261' title='bbox 408 3620 467 3680; x_wconf 84' lang='grc' dir='ltr'><strong><em>νῶν</em></strong></span> <span class='ocrx_word' id='word_1_262' title='bbox 484 3624 532 3693; x_wconf 85' lang='lat' dir='ltr'><strong><em>(de</em></strong></span> <span class='ocrx_word' id='word_1_263' title='bbox 549 3639 620 3679; x_wconf 85' lang='lat' dir='ltr'>voce</span> <span class='ocrx_word' id='word_1_264' title='bbox 637 3619 746 3697; x_wconf 88' lang='grc' dir='ltr'><strong><em>σιρός)</em></strong></span> <span class='ocrx_word' id='word_1_265' title='bbox 1299 3691 1301 3696; x_wconf 26' lang='lat'><strong>¹</strong></span> 
     </span>
     <span class='ocr_line' id='line_1_31' title="bbox 613 3703 1274 3780; baseline 0 -17"><span class='ocrx_word' id='word_1_266' title='bbox 613 3705 808 3779; x_wconf 86' lang='grc' dir='ltr'><strong><em>σιλλοχράφος</em></strong></span> <span class='ocrx_word' id='word_1_267' title='bbox 826 3709 856 3766; x_wconf 79' lang='grc' dir='ltr'><strong><em>δὲ</em></strong></span> <span class='ocrx_word' id='word_1_268' title='bbox 873 3729 916 3775; x_wconf 87' lang='grc' dir='ltr'><strong><em>τις</em></strong></span> <span class='ocrx_word' id='word_1_269' title='bbox 932 3707 968 3765; x_wconf 87' lang='grc' dir='ltr'><strong><em>τὸ</em></strong></span> <span class='ocrx_word' id='word_1_270' title='bbox 988 3715 1018 3765; x_wconf 73' lang='grc' dir='ltr'><strong><em>(ῖι</em></strong></span> <span class='ocrx_word' id='word_1_271' title='bbox 1034 3705 1151 3780; x_wconf 78' lang='grc' dir='ltr'><strong><em>μακρὸν</em></strong></span> <span class='ocrx_word' id='word_1_272' title='bbox 1168 3703 1274 3780; x_wconf 79' lang='grc' dir='ltr'><strong><em>γράφει</em></strong></span> 
     </span>
     <span class='ocr_line' id='line_1_32' title="bbox 612 3788 1261 3865; baseline 0.002 -17"><span class='ocrx_word' id='word_1_273' title='bbox 612 3795 664 3848; x_wconf 94' lang='grc' dir='ltr'><strong><em>τῶι</em></strong></span> <span class='ocrx_word' id='word_1_274' title='bbox 683 3790 735 3865; x_wconf 86' lang='grc' dir='ltr'><strong><em>ῥῶ,</em></strong></span> <span class='ocrx_word' id='word_1_275' title='bbox 754 3797 834 3850; x_wconf 86' lang='grc' dir='ltr'><strong><em>δοκεῖ</em></strong></span> <span class='ocrx_word' id='word_1_276' title='bbox 848 3813 908 3862; x_wconf 92' lang='grc' dir='ltr'><strong><em>μοι,</em></strong></span> <span class='ocrx_word' id='word_1_277' title='bbox 926 3796 1015 3852; x_wconf 83' lang='grc' dir='ltr'><strong><em>τοῦτο</em></strong></span> <span class='ocrx_word' id='word_1_278' title='bbox 1033 3789 1161 3865; x_wconf 85' lang='grc' dir='ltr'><strong><em>μηκύνας</em></strong></span> <span class='ocrx_word' id='word_1_279' title='bbox 1178 3788 1261 3864; x_wconf 85' lang='grc' dir='ltr'><strong><em>τάχα,</em></strong></span> 
     </span>
     <span class='ocr_line' id='line_1_33' title="bbox 410 3870 1382 3951; baseline -0.001 -19"><span class='ocrx_word' id='word_1_280' title='bbox 410 3871 604 3950; x_wconf 86' lang='grc' dir='ltr'><strong><em>σιλλοχράφος</em></strong></span> <span class='ocrx_word' id='word_1_281' title='bbox 621 3881 672 3934; x_wconf 86' lang='grc' dir='ltr'><strong><em>νῦν</em></strong></span> <span class='ocrx_word' id='word_1_282' title='bbox 691 3872 707 3934; x_wconf 80' lang='grc' dir='ltr'><em>ὃ</em></span> <span class='ocrx_word' id='word_1_283' title='bbox 727 3870 896 3951; x_wconf 84' lang='grc' dir='ltr'><strong><em>Ξενοφάνης</em></strong></span> <span class='ocrx_word' id='word_1_284' title='bbox 912 3877 974 3936; x_wconf 80' lang='grc' dir='ltr'><strong><em>ἐστὶ</em></strong></span> <span class='ocrx_word' id='word_1_285' title='bbox 989 3882 1040 3935; x_wconf 82' lang='grc' dir='ltr'><strong><em>καί</em></strong></span> <span class='ocrx_word' id='word_1_286' title='bbox 1059 3873 1075 3936; x_wconf 83' lang='grc' dir='ltr'><em>ὃ</em></span> <span class='ocrx_word' id='word_1_287' title='bbox 1098 3881 1194 3948; x_wconf 85' lang='grc' dir='ltr'><strong><em>Τίμων</em></strong></span> <span class='ocrx_word' id='word_1_288' title='bbox 1210 3881 1260 3934; x_wconf 87' lang='grc' dir='ltr'><strong><em>καί</em></strong></span> <span class='ocrx_word' id='word_1_289' title='bbox 1278 3872 1382 3950; x_wconf 70' lang='grc' dir='ltr'><strong><em>ἕτεροι.</em></strong></span> 
     </span>
    </p>
   </div>
   <div class='ocr_carea' id='block_1_10' title="bbox 409 3995 1671 4329">
    <p class='ocr_par' dir='ltr' id='par_1_14' title="bbox 409 3995 1671 4329">
     <span class='ocr_line' id='line_1_34' title="bbox 511 3995 1670 4067; baseline 0.003 -17"><span class='ocrx_word' id='word_1_290' title='bbox 511 3995 655 4051; x_wconf 80' lang='lat' dir='ltr'>Timonem</span> <span class='ocrx_word' id='word_1_291' title='bbox 682 3997 851 4066; x_wconf 72' lang='lat' dir='ltr'>grammatici</span> <span class='ocrx_word' id='word_1_292' title='bbox 877 4014 934 4053; x_wconf 93' lang='lat' dir='ltr'><strong><em>non</em></strong></span> <span class='ocrx_word' id='word_1_293' title='bbox 956 3998 1053 4065; x_wconf 77' lang='lat' dir='ltr'>oitnnt;</span> <span class='ocrx_word' id='word_1_294' title='bbox 1080 3997 1279 4067; x_wconf 82' lang='lat' dir='ltr'>Xenophanem</span> <span class='ocrx_word' id='word_1_295' title='bbox 1306 3996 1366 4052; x_wconf 79' lang='lat' dir='ltr'>sine</span> <span class='ocrx_word' id='word_1_296' title='bbox 1392 3996 1478 4054; x_wconf 92' lang='lat' dir='ltr'>dubio</span> <span class='ocrx_word' id='word_1_297' title='bbox 1504 3996 1670 4054; x_wconf 81' lang='lat' dir='ltr'>adhibuerat</span> 
     </span>
     <span class='ocr_line' id='line_1_35' title="bbox 409 4074 1670 4157; baseline 0.004 -21"><span class='ocrx_word' id='word_1_298' title='bbox 409 4081 592 4137; x_wconf 72' lang='lat' dir='ltr'>Herodianus.</span> <span class='ocrx_word' id='word_1_299' title='bbox 626 4081 661 4137; x_wconf 80' lang='lat' dir='ltr'><strong><em>ef.</em></strong></span> <span class='ocrx_word' id='word_1_300' title='bbox 679 4083 724 4138; x_wconf 62' lang='lat' dir='ltr'><strong><em>Et„</em></strong></span> <span class='ocrx_word' id='word_1_301' title='bbox 741 4101 777 4138; x_wconf 91' lang='lat' dir='ltr'><strong><em>m.</em></strong></span> <span class='ocrx_word' id='word_1_302' title='bbox 795 4086 900 4150; x_wconf 75' lang='lat'><strong>714,18</strong></span> <span class='ocrx_word' id='word_1_303' title='bbox 918 4076 1074 4154; x_wconf 75' lang='grc' dir='ltr'><strong><em>Ἀμμώνιος</em></strong></span> <span class='ocrx_word' id='word_1_304' title='bbox 1091 4083 1121 4140; x_wconf 78' lang='grc' dir='ltr'><strong><em>δὲ</em></strong></span> <span class='ocrx_word' id='word_1_305' title='bbox 1139 4082 1251 4157; x_wconf 71' lang='grc' dir='ltr'><strong><em>ἱστορεῖ</em></strong></span> <span class='ocrx_word' id='word_1_306' title='bbox 1267 4079 1307 4149; x_wconf 79' lang='grc' dir='ltr'><strong><em>ὡς</em></strong></span> <span class='ocrx_word' id='word_1_307' title='bbox 1325 4081 1353 4139; x_wconf 76' lang='grc' dir='ltr'><strong><em>οἳ</em></strong></span> <span class='ocrx_word' id='word_1_308' title='bbox 1367 4080 1490 4140; x_wconf 76' lang='grc' dir='ltr'><strong><em>Ἀττικοί</em></strong></span> <span class='ocrx_word' id='word_1_309' title='bbox 1509 4074 1670 4149; x_wconf 80' lang='grc' dir='ltr'><strong><em>άξάνοντες,</em></strong></span> 
     </span>
     <span class='ocr_line' id='line_1_36' title="bbox 410 4159 1670 4243; baseline 0.001 -19"><span class='ocrx_word' id='word_1_310' title='bbox 410 4165 445 4224; x_wconf 79' lang='grc' dir='ltr'><strong><em>τά</em></strong></span> <span class='ocrx_word' id='word_1_311' title='bbox 468 4162 616 4237; x_wconf 77' lang='grc' dir='ltr'><strong><em>ὄνοματὸ</em></strong></span> <span class='ocrx_word' id='word_1_312' title='bbox 636 4174 649 4184; x_wconf 79' lang='lat'><em>‘</em></span> <span class='ocrx_word' id='word_1_313' title='bbox 665 4164 842 4242; x_wconf 80' lang='grc' dir='ltr'><strong><em>βραχύτονοι</em></strong></span> <span class='ocrx_word' id='word_1_314' title='bbox 858 4172 908 4225; x_wconf 90' lang='grc' dir='ltr'><strong><em>καί</em></strong></span> <span class='ocrx_word' id='word_1_315' title='bbox 930 4162 947 4242; x_wconf 79' lang='grc' dir='ltr'><em>ἢ</em></span> <span class='ocrx_word' id='word_1_316' title='bbox 966 4167 1050 4243; x_wconf 74' lang='grc' dir='ltr'><strong><em>τριβή</em></strong></span> <span class='ocrx_word' id='word_1_317' title='bbox 1070 4171 1121 4239; x_wconf 84' lang='grc' dir='ltr'><strong><em>τῆς</em></strong></span> <span class='ocrx_word' id='word_1_318' title='bbox 1138 4161 1329 4241; x_wconf 81' lang='grc' dir='ltr'><strong><em>άναχνῶσεοις</em></strong></span> <span class='ocrx_word' id='word_1_319' title='bbox 1345 4167 1465 4225; x_wconf 78' lang='grc' dir='ltr'><strong><em>ἐκτείνει</em></strong></span> <span class='ocrx_word' id='word_1_320' title='bbox 1482 4159 1569 4225; x_wconf 81' lang='grc' dir='ltr'><strong><em>αάτά·</em></strong></span> <span class='ocrx_word' id='word_1_321' title='bbox 1594 4161 1670 4238; x_wconf 72' lang='grc' dir='ltr'><strong><em>εὑρί-</em></strong></span> 
     </span>
     <span class='ocr_line' id='line_1_37' title="bbox 412 4245 1671 4329; baseline 0.001 -20"><span class='ocrx_word' id='word_1_322' title='bbox 412 4271 515 4310; x_wconf 91' lang='grc' dir='ltr'><strong><em>σκεται</em></strong></span> <span class='ocrx_word' id='word_1_323' title='bbox 526 4253 556 4311; x_wconf 73' lang='grc' dir='ltr'><strong><em>δὲ</em></strong></span> <span class='ocrx_word' id='word_1_324' title='bbox 567 4257 616 4311; x_wconf 86' lang='grc' dir='ltr'><strong><em>καί</em></strong></span> <span class='ocrx_word' id='word_1_325' title='bbox 624 4252 660 4311; x_wconf 78' lang='grc' dir='ltr'><strong><em>τὸ</em></strong></span> <span class='ocrx_word' id='word_1_326' title='bbox 670 4251 774 4329; x_wconf 82' lang='grc' dir='ltr'><strong><em>βραχύ,</em></strong></span> <span class='ocrx_word' id='word_1_327' title='bbox 785 4248 825 4321; x_wconf 82' lang='grc' dir='ltr'><strong><em>ὦς</em></strong></span> <span class='ocrx_word' id='word_1_328' title='bbox 837 4247 911 4326; x_wconf 74' lang='grc' dir='ltr'><strong><em>παρ’</em></strong></span> <span class='ocrx_word' id='word_1_329' title='bbox 920 4247 1067 4326; x_wconf 75' lang='grc' dir='ltr'><strong><em>Εὕριπίδηι</em></strong></span> <span class='ocrx_word' id='word_1_330' title='bbox 1078 4255 1187 4325; x_wconf 86' lang='grc' dir='ltr'><strong><em>Φρίξωι</em></strong></span> <span class='ocrx_word' id='word_1_331' title='bbox 1195 4246 1204 4271; x_wconf 84' lang='lat'>‘</span> <span class='ocrx_word' id='word_1_332' title='bbox 1213 4247 1324 4321; x_wconf 83' lang='grc' dir='ltr'><strong><em>άνοῑξαι</em></strong></span> <span class='ocrx_word' id='word_1_333' title='bbox 1332 4254 1387 4324; x_wconf 79' lang='grc' dir='ltr'><strong><em>μὲν</em></strong></span> <span class='ocrx_word' id='word_1_334' title='bbox 1396 4251 1496 4327; x_wconf 81' lang='grc' dir='ltr'><strong><em>σιρούς</em></strong></span> <span class='ocrx_word' id='word_1_335' title='bbox 1508 4246 1561 4310; x_wconf 76' lang='grc' dir='ltr'><strong><em>οὐκ</em></strong></span> <span class='ocrx_word' id='word_1_336' title='bbox 1572 4245 1671 4325; x_wconf 78' lang='grc' dir='ltr'><strong><em>ἠξίονῖ</em></strong></span> 
     </span>
    </p>
   </div>
   <div class='ocr_carea' id='block_1_11' title="bbox 970 4427 1112 4492">
    <p class='ocr_par' dir='ltr' id='par_1_15' title="bbox 970 4427 1112 4492">
     <span class='ocr_line' id='line_1_38' title="bbox 970 4427 1112 4492; baseline 0 -1"><span class='ocrx_word' id='word_1_337' title='bbox 970 4427 1112 4492; x_wconf 87' lang='lat' dir='ltr'>DUBIA</span> 
     </span>
    </p>
   </div>
   <div class='ocr_carea' id='block_1_12' title="bbox 515 4549 1672 4704">
    <p class='ocr_par' dir='ltr' id='par_1_16' title="bbox 515 4549 1672 4704">
     <span class='ocr_line' id='line_1_39' title="bbox 1019 4549 1053 4599; baseline -0.029 0"><span class='ocrx_word' id='word_1_338' title='bbox 1019 4549 1053 4599; x_wconf 82' lang='grc'><strong><em>42</em></strong></span> 
     </span>
     <span class='ocr_line' id='line_1_40' title="bbox 515 4623 1672 4704; baseline -0.001 -20"><span class='ocrx_word' id='word_1_339' title='bbox 515 4628 679 4684; x_wconf 75' lang='lat' dir='ltr'>Hmonmn.</span> <span class='ocrx_word' id='word_1_340' title='bbox 698 4649 726 4686; x_wconf 89' lang='grc' dir='ltr'><strong><em>π.</em></strong></span> <span class='ocrx_word' id='word_1_341' title='bbox 743 4650 809 4699; x_wconf 90' lang='grc' dir='ltr'><strong><em>μον.</em></strong></span> <span class='ocrx_word' id='word_1_342' title='bbox 828 4629 929 4697; x_wconf 81' lang='grc' dir='ltr'><strong><em>λέξειας</em></strong></span> <span class='ocrx_word' id='word_1_343' title='bbox 941 4635 966 4697; x_wconf 81' lang='grc' dir='ltr'><strong><em>λ,</em></strong></span> <span class='ocrx_word' id='word_1_344' title='bbox 980 4634 1011 4684; x_wconf 92' lang='grc'><strong><em>11</em></strong></span> <span class='ocrx_word' id='word_1_345' title='bbox 1028 4632 1078 4686; x_wconf 87' lang='grc' dir='ltr'><strong><em>καί</em></strong></span> <span class='ocrx_word' id='word_1_346' title='bbox 1095 4628 1175 4703; x_wconf 87' lang='grc' dir='ltr'><strong><em>παρά</em></strong></span> <span class='ocrx_word' id='word_1_347' title='bbox 1195 4623 1385 4704; x_wconf 86' lang='grc' dir='ltr'><strong><em>άριστοφάνει</em></strong></span> <span class='ocrx_word' id='word_1_348' title='bbox 1403 4627 1436 4686; x_wconf 76' lang='grc' dir='ltr'><strong><em>ἐν</em></strong></span> <span class='ocrx_word' id='word_1_349' title='bbox 1452 4628 1605 4685; x_wconf 89' lang='grc' dir='ltr'><strong><em>δινσίλλοιν</em></strong></span> <span class='ocrx_word' id='word_1_350' title='bbox 1623 4629 1672 4693; x_wconf 80' lang='lat' dir='ltr'>[sie</span> 
     </span>
    </p>
   </div>
   <div class='ocr_carea' id='block_1_13' title="bbox 0 0 2086 5617">
    <p class='ocr_par' dir='ltr' id='par_1_17' title="bbox 0 0 2086 5617">
     <span class='ocr_line' id='line_1_41' title="bbox 0 0 2086 5617; baseline 0 0"><span class='ocrx_word' id='word_1_351' title='bbox 0 0 2086 5617; x_wconf 95' lang='lat' dir='ltr'><strong><em> </em></strong></span> 
     </span>
    </p>
   </div>
  </div>
 </body>
</html>
