4117 5617
572 590 790 651 DOGI'RINAE
808 596 841 648 86
859 592 1053 658 [ῚἨΕΟΡΗΒ.
1071 593 1107 649 D.
1126 594 1223 651 SENS.
1241 598 1335 659 8-19]
1525 597 1586 656 101

435 757 582 818 καίτοι”
544 782 600 819 καν
611 755 682 820 αύτὸ
695 758 784 820 τοῦτό
796 784 838 830 τις
849 759 1059 838 διαπορήσειεν,
1071 763 1098 821 εἰ
1107 761 1231 822 δυνατόν
1241 762 1302 822 ἰστι
1314 770 1465 836 τηλικαῦτα
1479 768 1587 840 μεγέθη
1605 775 1637 825 14

333 845 468 918 γενέσθαι
481 851 541 904 τιῦν
552 839 780 951 ἑτερογενῶν,”
755 867 816 907 ωστ
821 842 1037 922 ’ἐναρμόττειν
1055 847 1150 917 άλλως
1166 870 1198 908 τε
1210 847 1267 909 κάν
1279 854 1439 925 συμβαίνηι,
1450 852 1587 957 καθάπερ

334 933 413 1004 φησί,
431 928 484 999 τὰς
502 929 586 1006 ὄψεις
603 935 645 990 (ῦν
659 929 841 1007 άσύμμετρος
857 929 874 1006 5
892 940 994 1009 κρᾶσις
1013 930 1064 994 ὁτὲ
1079 931 1163 1005 μέν
1150 931 1206 993 υπὸ
1226 941 1278 993 τοῦ
1287 932 1396 1039 πυρός,
1414 935 1464 996 ὅτε
1482 934 1542 997 δὲ’
1529 936 1586 997 υπό

334 1021 387 1076 τοῦ
404 1009 493 1092 ά-έρος
509 1016 753 1089 έμπλαττομένων
775 1025 835 1077 τιῦν
852 1017 954 1093 πόρων
964 1014 1191 1124 ’άμαυροῦσθαι
1225 1021 1252 1080 εἰ
1267 1015 1295 1078 δ’
1313 1013 1364 1079 σύν
1380 1021 1441 1080 έστι
1457 1026 1506 1079 καί
1523 1015 1588 1081 τού

298 1104 313 1152 5
335 1123 395 1160 των
412 1106 571 1177 συμμετρία
587 1107 636 1161 καί
654 1102 769 1178 πλήρεις
787 1104 815 1163 ολ
827 1102 917 1177 πόροι
934 1111 994 1164 τιῦν
1010 1104 1049 1177 μή
1062 1110 1216 1180 συγγενῶν,
1233 1111 1303 1176 πιῦς,
1322 1097 1395 1164 όταν
1407 1101 1587 1181 αἰσθάνηται,

333 1193 383 1246 καί
400 1194 459 1249 ποῦ
474 1195 565 1248 ταῦτα
577 1185 774 1263 ιἰπεξέρχεται;
791 1197 836 1250 δεῖ
850 1185 908 1264 γάρ
926 1213 988 1250 τινα
1001 1186 1162 1252 άποδοῦναι
1173 1191 1349 1267 μεταβολήν.
1379 1184 1455 1252 ιόστε
1472 1190 1588 1261 πάντως

334 1270 392 1346 ἔχει
410 1278 577 1333 δυσκολίαν·
595 1272 614 1343 5
629 1277 687 1349 γάρ
703 1271 792 1335 κενὸν
809 1271 920 1351 άνάγκη
937 1288 1041 1347 ποιεῖν,
1060 1275 1077 1351 5
1094 1273 1141 1337 άεί
1158 1274 1194 1337 τά
1213 1283 1284 1349 ζιῦια
1302 1275 1497 1338 αἰσθάνεσθαι
1514 1279 1587 1338 πάν-

334 1380 403 1430 των,
421 1356 439 1431 5
456 1361 490 1418 τό
510 1356 548 1432 μή
566 1362 700 1435 συγγενές
723 1356 881 1435 άρμόττειν
909 1357 943 1422 σύ
966 1368 1073 1423 ποιοῦν
1097 1361 1231 1436 αἴσθησιν
1250 1357 1313 1423 οὐδ’
1335 1359 1405 1438 ἕχον
1420 1363 1589 1439 μεταβολήν

337 1445 450 1503 οἰκείαν
466 1455 529 1513 τοῖς
545 1445 725 1517 ἐμποιοῦσιν.

284 1562 312 1612 10
436 1546 478 1607 έτι
496 1550 552 1608 eze
552 1550 622 1607 ἰκαί
638 1571 677 1623 μη
667 1548 913 1624 ι’έναρμόττοι
879 1571 914 1609 το
929 1544 1042 1621 ὅμοιον,
1061 1544 1133 1610 άλίά
1145 1571 1240 1621 μονον
1252 1571 1386 1623 απτοιτο,
1402 1546 1475 1611 καθ’
1489 1548 1588 1610 ὁτιοῦν
1606 1559 1638 1609 15

334 1632 458 1708 εύλογον
475 1632 610 1736 αἴσθησιν
626 1637 772 1708 γίνεσθαι
795 1640 874 1694 δυοῖν
872 1632 953 1740 γάρ
976 1635 1089 1695 τούτων
1112 1630 1271 1695 άποδίδωσι
1293 1636 1346 1710 τήν
1362 1643 1469 1711 γνοῦσιν
1486 1642 1538 1696 τιῦι
1556 1657 1589 1696 τε

335 1717 440 1791 δμοίωι
456 1726 506 1779 καί
522 1724 568 1794 τήι
586 1717 671 1794 άφῆι
694 1717 737 1778 διό
755 1725 805 1778 καί
823 1718 857 1780 τὸ
872 1717 1096 1796 ’άρμόττειν’
1122 1720 1241 1796 εἴρηκεν.
1272 1713 1347 1781 ὥστ’
1365 1723 1392 1781 εἰ
1407 1721 1443 1781 τό
1467 1719 1589 1781 ἔλαττον

335 1798 445 1880 άψαιτο
463 1811 524 1864 τῶν
539 1806 691 1876 μειζόνων,
708 1805 751 1880 εἴη
769 1803 807 1867 άν
824 1805 964 1880 αἴσθησις.
1001 1802 1078 1875 όλως
1094 1829 1127 1866 τε
1143 1803 1218 1867 κατά
1243 1828 1276 1882 γε
1293 1803 1443 1866 ἐκεῖνον’
1423 1819 1589 1882 αφαιρεῖται

334 1895 383 1948 καί
401 1890 438 1950 τό
458 1881 571 1961 όμοισν,
589 1885 699 1949 άλλά
685 1916 702 1964 η
721 1894 881 1964 συμμετρία
903 1889 998 1962 μόνον
1015 1890 1125 1950 ἱκανόν.
1159 1891 1204 1953 διά
1229 1898 1317 1952 τοῦτο
1341 1895 1398 1967 γάρ
1416 1889 1470 1952 ούκ
1488 1889 1589 1951 αἰσθά-

284 1990 312 2039 15
335 1977 440 2034 νεσθαί
455 1995 543 2049 φησιν
559 1970 735 2048 άλλήλων,“
717 1997 762 2034 οτι
779 1972 847 2044 τοὺς
864 1975 977 2050 πόρους
994 1973 1193 2054 άσυμμέτρους
1210 1975 1337 2052 έχουσιν·
1357 1980 1384 2038 εἰ
1400 1973 1430 2037 δ’
1449 1971 1589 2050 όμοιονή

335 2057 531 2131 άνέμοιον
501 2083 536 2120 το
561 2055 720 2137 άπορρέσν,
743 2057 826 2122 ούδὲν
847 2058 889 2121 ἔτι
913 2061 1149 2139 προσαφιύρισεν.
1185 2055 1261 2124 ιύστε
1282 2063 1301 2138 5
1323 2058 1357 2123 05
1379 2068 1432 2122 τιῦι
1451 2060 1588 2136 ὁμοίωιή

336 2145 468 2219 αἴσθησις
489 2143 508 2220 5
525 2140 560 2207 ού
581 2145 627 2207 διά
649 2168 713 2206 τινα
734 2141 933 2224 άσυμμετρίαν
955 2143 991 2209 ού
1006 2153 1162 2223 κρίνουσιν,
1185 2147 1303 2218 άπάσας
1323 2143 1392 2222 (τ’)
1408 2145 1519 2223 άνάγκη
1536 2144 1590 2215 τάς

336 2225 485 2308 αἰσθήσεις
500 2236 551 2292 καί
567 2230 664 2293 πάντα
682 2235 718 2293 τὰ
736 2233 861 2307 αἰσθητά
880 2236 932 2307 τήν
950 2228 1040 2308 αύτήν
1057 2231 1133 2308 έχειν
1148 2231 1242 2308 φύσιν.

440 2328 512 2396 άλλύι
528 2333 585 2409 μήν
603 2331 709 2396 ούδὲ
678 2357 730 2410 την
740 2331 846 2411 ἡδονήν
861 2341 911 2395 καί
928 2333 1018 2411 λύπην
1035 2333 1276 2412 ὁμολογουμένως
1287 2331 1461 2397 άποδίδωσιν
1471 2327 1589 2410 ήδεσθαι
1608 2337 1639 2388 16

282 2432 313 2482 20
334 2420 389 2489 μὲν
404 2426 498 2478 ποιοῦν
514 2431 577 2489 τοῖς
590 2417 712 2492 ὁμοίοις,
729 2428 882 2481 λυπεῖσθαι
894 2424 924 2482 δέ
941 2433 1004 2491 τοῖς
1015 2422 1113 2483 έναντί
1102 2427 1170 2491 ί·οις
1185 2417 1330 2497 ’ἐχθροί
1347 2421 1406 2497 γάρ
1418 2419 1498 2490 εἶναι,
1516 2417 1588 2479 διότι

332 2500 569 2564 πλεῖστον-
581 2501 827 2578 έκμακτοῖσιν’
845 2508 942 2580 [fr.‚22
961 2515 985 2565 6
997 2515 1034 2576 71.
1071 2505 1293 2583 αἰσθήσειςγάρ
1315 2529 1395 2575 τινας
1417 2504 1435 2580 5
1457 2527 1510 2578 μετ
1516 2502 1589 2566 ἀἰ-

337 2592 469 2662 σθήσεως
480 2596 596 2650 ποιοῦσι
613 2593 822 2664 [Anaxagoram
834 2596 915 2650 simul
926 2595 1087 2666 intellegere
1097 2596 1209 2652 videtur
1220 2594 1255 2650 σί.
1267 2596 1339 2664 §171
1358 2591 1410 2664 τήν
1420 2587 1525 2665 ἡδονήν
1541 2594 1589 2650 καὶ

336 2669 389 2747 τήν
409 2677 507 2750 λύπην,
524 2667 601 2736 ιύστε
619 2671 672 2752 ούχ
689 2672 781 2736 άπασι
803 2680 912 2751 γίνεται
930 2689 993 2747 τοῖς
1012 2675 1136 2750 ὁμοίοις.
1172 2675 1213 2737 ἔτι
1231 2675 1304 2736 εἰ
1274 2699 1310 2737 τα
1329 2681 1450 2752 συγγενῆ
1466 2672 1589 2747 μάλιστα

336 2757 484 2834 ποιεῖτὴν
500 2757 604 2836 ήδονήν
619 2761 652 2821 έν
669 2767 714 2835 τῆι
732 2758 813 2864 άφῆι,
835 2761 973 2838 καθάπερ
990 2767 1069 2836 φησί,
1091 2764 1129 2824 τά
1146 2762 1278 2836 σύμφυτα
1301 2755 1420 2834 μάλιστ’
1438 2757 1475 2820 άν
1492 2751 1588 2833 ήδοιτο

282 2855 313 2904 25
335 2848 388 2904 καί
405 2836 481 2914 όλως
498 2845 685 2907 αἰσθάνοιτο·
703 2845 748 2907 διὰ
766 2852 826 2906 των
844 2842 940 2906 αύτιῦν
956 2847 1016 2923 γάρ
1034 2858 1113 2907 ποιεῖ
1129 2870 1181 2920 την
1193 2847 1328 2922 αἴσθησιν
1344 2851 1393 2905 καί
1410 2841 1462 2919 τήν
1479 2840 1590 2918 ἡδονήν.

336 2934 432 2990 καίτοι
455 2929 593 3000 πολλάκις
614 2929 825 3004 αἰσθανόμενοι
849 2931 1018 3004 λυπούμεθα
1035 2926 1104 2991 κατ’
1128 2927 1216 3006 αύτήν
1238 2930 1292 3005 τήν
1314 2925 1495 3004 αἴσθησιν,
1474 2950 1513 2996 ως
1527 2927 1590 3000 (δ)
1609 2932 1640 2983 17

335 3017 528 3094 Ἀναξαγόρας
543 3022 638 3091 φησίν,
656 3013 715 3077 άεί·
734 3023 832 3078 πᾶσαν
848 3015 905 3093 γάρ
921 3015 1057 3091 αἴσθησιν
1073 3013 1146 3077 εἶναι
1162 3016 1235 3089 μετά
1248 3014 1345 3090 λύπης
1375 3008 1461 3073 ἔπιδ’
1479 3012 1512 3072 έν
1528 3023 1591 3081 ταῖς

336 3128 411 3166 κατα
402 3104 530 3178 Ι’μέρος
556 3106 706 3178 συμβαίνει
728 3104 785 3177 γάρ
808 3109 861 3162 τιῦι
885 3099 992 3175 ὅμοίωι
1013 3106 1146 3178 γίνεσθαι
1168 3104 1220 3175 τὴν
1236 3107 1354 3178 γνιῦσιν
1377 3098 1430 3173 τήν
1446 3097 1504 3174 γάρ
1522 3095 1592 3171 όφιν

339 3186 412 3250 ὅταν
428 3190 463 3249 έκ
474 3187 566 3264 πυρὸς
581 3193 630 3247 καί
647 3194 700 3248 τσῦ
717 3187 852 3248 ἐναντίου
864 3190 1009 3262 συστήσηι,
1026 3185 1062 3248 τό
1080 3189 1135 3259 μέν
1146 3187 1250 3248 λευκόν
1267 3191 1316 3246 καί
1333 3208 1369 3245 το
1360 3184 1473 3257 μέλαν
1483 3177 1592 3241 δύναιτ’

282 3292 315 3341 30
337 3273 376 3336 ίίν
393 3285 455 3343 τοῖς
472 3270 542 3345 όμοί
541 3295 586 3341 οις
601 3277 762 3348 γνωρίζειν,
784 3272 819 3332 τὸ
844 3274 874 3332 δέ
891 3271 981 3347 φαιόν
996 3276 1047 3331 καί
1068 3264 1158 3332 τάλλα
1174 3271 1317 3346 χριύματα
1339 3271 1375 3330 τά
1394 3266 1496 3341 μεικτά
1515 3271 1594 3334 παίω

339 3358 406 3421 ούτε
423 3356 481 3434 γάρ
499 3369 560 3426 τοῖς
577 3363 630 3418 τοῦ
647 3357 738 3433 πυρός
755 3357 824 3419 ούτε
840 3368 904 3427 τοῖς
920 3363 974 3417 τοῦ
991 3352 1096 3426 ύδατος
1112 3350 1218 3433 πόροις
1236 3354 1288 3416 οότ
1294 3349 1418 3422 ’άλλοις
1435 3362 1517 3412 ποιεῖ
1529 3372 1591 3410 κοι-

339 3457 400 3515 νοῖς
415 3445 449 3515 έξ
464 3440 586 3518 άμφοῖν·
605 3439 721 3519 όριῦμεν
738 3440 767 3503 δ’
787 3434 903 3504 ούδέν
886 3465 977 3517 ηττον
988 3448 1079 3502 ταῦτα
1098 3448 1158 3502 τιῦν
1175 3439 1284 3502 άπλιῦν.

441 3541 559 3614 άτόπως
576 3547 607 3605 δὲ
623 3536 708 3604 252⁰
690 3567 735 3605 οτι
752 3542 788 3605 τά
805 3547 859 3618 μέν
876 3544 993 3618 ἡμέρας,
1010 3545 1047 3605 τά
1067 3542 1142 3605 δὲ’
1110 3567 1223 3617 νυκτωρ
1239 3537 1383 3616 μάλλονι
1369 3543 1445 3616 οράι.
1479 3533 1515 3597 τὸ
1520 3557 1590 3638 γαρ
1611 3543 1642 3594 18

339 3629 462 3693 ἔλαττον
479 3637 536 3707 πῦρ
552 3626 611 3690 ύπὸ
633 3636 685 3691 τοῦ
706 3635 845 3699 πλείονος
866 3635 1022 3704 φθείρεται
1044 3630 1088 3690 διό
1111 3636 1161 3689 καί
1182 3630 1258 3705 πρός
1276 3628 1331 3687 τόν
1351 3620 1434 3700 ἥλιον
1449 3627 1498 3681 καί
1518 3612 1593 3688 όλως

284 3733 316 3782 35
338 3717 372 3777 τό
391 3717 528 3793 καθαρόν
546 3736 580 3775 ου
572 3709 730 3786 ’δυνάμεθ’
745 3710 937 3790 άντιβλέπειν.
973 3707 1051 3774 ὥστε
1070 3708 1151 3783 όσσις
1162 3715 1347 3784 ἐνδεέστερον
1364 3731 1399 3771 το
1420 3713 1492 3782 φῶς,
1504 3697 1593 3780 ἦττον

337 3805 425 3878 ἐχρῆν
444 3798 519 3879 δρᾶν
534 3796 606 3871 μεθ’
624 3796 788 3873 ἢμέραν·”
769 3800 887 3875 ηείπερ
904 3796 939 3859 τό
967 3792 1074 3872 όμοισν
1091 3795 1228 3868 συναύξει,
1249 3794 1386 3870 καθάπερ
1408 3796 1487 3868 φησί,
1509 3813 1545 3850 το
1535 3791 1594 3850 δὲ

337 3887 473 3946 ἐναντίον
490 3889 605 3961 φθείρει
622 3890 672 3944 καί
688 3882 800 3954 κωλύει,
818 3907 853 3945 τα
844 3884 925 3957 μὲν
942 3883 1028 3944 λευκά
1046 3889 1159 3956 μάλλον
1174 3878 1295 3957 έχρήν’
1282 3884 1357 3954 οράν
1373 3871 1506 3946 άπαντας
1522 3873 1592 3950 μεθ’

338 3969 449 4045 ἡμέραν
468 3964 555 4031 καὶ(
543 3965 625 4039 όσοις
650 3967 772 4030 ἔλαττον
793 3962 878 4029 καί’
866 3963 949 4039 όσοις
966 3976 1068 4029 πλεῖον
1089 3967 1125 4027 τό
1143 3975 1214 4042 φεῦς,
1238 3991 1274 4029 τα
1265 3966 1322 4026 δὲ
1342 3967 1452 4038 μέλανα
1470 3960 1592 4064 νύκτωρ.

338 4063 389 4117 νῦν
406 4058 436 4116 δὲ
453 4055 560 4125 πάντες
576 4051 691 4116 ἅπαντα
708 4049 778 4127 μεθ’
796 4049 915 4162 ἡμέραν
927 4053 1075 4125 μᾶλλον“
1058 4059 1150 4129 οριῦσι
1167 4053 1241 4127 πλήν
1266 4048 1373 4127 όλίγων
1391 4048 1494 4122 ζιόιων
1530 4045 1593 4107 τού·

288 4159 318 4208 4ο
340 4163 401 4210 τοις
418 4137 446 4201 δ
464 4140 586 4215 εὔλογον
602 4146 673 4200 τοῦτ
678 4135 866 4214 ’ἰσχύειν
832 4162 867 4198 το
886 4136 997 4199 οἰκεῖον
1014 4143 1080 4211 πῦρ,
1104 4130 1205 4211 ω’σπερ
1222 4134 1282 4196 ένια
1299 4142 1348 4195 καί
1366 4141 1412 4210 τῆι
1428 4132 1518 4208 χρόαι
1535 4137 1593 4192 διιι·

338 4227 445 4299 λάμπει
462 4233 574 4299 μᾶλλον
591 4232 640 4302 τῆς
658 4224 769 4294 νυκτός.

442 4324 528 4389 ετιδ
546 4325 590 4398 οἷς
607 4323 624 4403 5
642 4335 744 4402 κρᾶσις
760 4327 823 4398 ἐᾷ’
807 4348 887 4397 ισων,
906 4322 1015 4432 άνάγκη
1038 4320 1225 4394 συναύξεσθαι
1242 4322 1317 4383 κατά
1335 4323 1424 4394 μέρος
1441 4316 1592 4392 ἑκάτερον·
1613 4325 1644 4376 19

339 4411 399 4474 ιύστ
404 4408 458 4474 ἐἰ
473 4411 636 4486 πλεονάζον
653 4411 757 4474 κωλύει
773 4409 935 4486 θάτερον
922 4418 1003 4485 σρᾶν,
1021 4407 1159 4471 ἁπάντων
1177 4406 1213 4469 άν
1231 4407 1274 4483 είη
1291 4409 1475 4481 παραπλησία
1498 4401 1595 4479 πωςή

340 4496 472 4569 διάθεσις
512 4494 585 4561 άλλά
608 4501 644 4560 τά
665 4502 719 4573 μέν
741 4506 790 4572 τῆς
815 4495 913 4573 ὄφεως
934 4494 1014 4570 πάθη
1035 4491 1242 4569 χαλεπώτερον
1264 4489 1344 4552 ἔσται
1366 4497 1475 4550 διελεῖν
1510 4490 1547 4550 τά
1565 4492 1594 4550 δὲ

285 4601 316 4649 45
338 4589 406 4657 περί
422 4585 474 4654 τάς
490 4584 579 4655 άλλας
591 4584 738 4660 αἰσθήσεις
754 4589 817 4652 πιῦς
828 4585 979 4689 κρίνωμεν
996 4586 1049 4639 τοῦτ
1067 4577 1184 4651 όμοίωις
1201 4577 1236 4637 τό
1254 4577 1310 4652 γάρ
1325 4572 1428 4648 όμοισν
1446 4569 1593 4647 άόριστον.

340 4668 407 4730 σύτε
425 4670 482 4745 γάρ
500 4668 602 4745 ψόφωι
619 4669 673 4729 τόν
685 4663 786 4744 ψόφον
805 4662 870 4728 οὔτ’
890 4661 975 4739 όσμῆι
992 4666 1043 4740 τήν
1062 4660 1153 4738 σ’σμήν
1171 4661 1238 4724 ούτε
1257 4673 1319 4731 τοῖς
1332 4660 1427 4728 ἄλλοις
1444 4671 1506 4729 τοῖς
1525 4657 1594 4733 όμο-

339 4757 459 4830 γενέσιν,
477 4750 549 4815 άλλά
571 4761 682 4827 μᾶλλον
700 4751 740 4823 (ῦς
757 4756 847 4814 εἰπεῖν
869 4761 931 4819 τοῖς
948 4750 1097 4818 ἐναντίοις.
1134 4744 1233 4822 άπαθή
1255 4748 1311 4824 γάρ
1334 4754 1378 4807 δεῖ
1393 4768 1444 4805 τιν
1462 4744 1595 4820 αἴσθησιν
