4117 5617
396 540 460 599 214
920 543 960 594 10.
979 537 1128 596 cums

398 705 487 778 σμούς
509 709 703 781 δυσχεραίνων
724 700 835 780 άφῆκεν
857 701 959 766 ούσίαν
983 701 1061 766 όκτιύ
1085 706 1237 766 ταλάντων
1258 713 1308 766 καί
1333 711 1463 783 τρίβωνα
1485 713 1536 767 καί
1558 706 1656 782 πήραν

397 790 555 868 άναλαβοίν
572 793 613 859 εἰς
630 795 807 864 φιλοσοφίαν
824 797 873 851 καί
891 797 995 853 πενίαν
1011 793 1180 867 κατέφυγεν.
1202 794 1257 850 In.
1275 794 1311 850 de
1322 811 1366 851 an.
1378 800 1516 866 tranqu.4
1533 811 1562 865 p.
1575 797 1656 852 20οΕ

397 876 595 1024 §tumim
612 873 686 949 έχων
702 882 752 935 καί
768 879 898 952 τρίβωνα
917 881 1031 949 παίζων
1047 883 1097 937 καί
1118 882 1210 952 γελιόν
1228 872 1327 950 ὥσπερ
1350 877 1383 937 ἐν
1400 877 1497 953 έορτήι
1515 876 1571 939 τόν
1588 883 1657 954 βίον

502 1071 542 1122 10.
560 1066 644 1121 Imm.
658 1065 708 1131 Qu,
721 1081 802 1121 σοον.
814 1066 842 1121 Π
856 1071 879 1133 1,
891 1072 908 1121 0
928 1084 956 1137 p.
969 1067 1053 1122 03210
1074 1059 1208 1137 Κράτητα
1221 1067 1251 1124 δέ
1260 1064 1314 1126 τόν
1326 1063 1491 1140 φιλόσοφον
1503 1067 1545 1134 εἰς
1556 1072 1658 1126 πᾶσαν

400 1151 496 1209 οἰκίαν
502 1147 628 1208 εἰσιόντα
636 1148 709 1221 μετά
719 1155 799 1222 τιμῆς
806 1155 855 1208 καί
864 1149 1077 1223 φιλοφροσύνης
1087 1145 1515 1226 δεχομένων“θυρεπανοίκτην’
1523 1148 1659 1210 ἐκάλουν.

504 1273 545 1324 11.
562 1268 676 1324 Ιοωπ.
693 1285 732 1324 or.
751 1274 766 1323 6
788 1286 816 1339 p.
834 1272 913 1326 20οΒ
935 1268 1062 1344 ἐντυχών
1084 1272 1114 1330 δὲ
1137 1276 1191 1330 τω”ι
1215 1275 1364 1345 Χαιρωνεῖ
1384 1269 1575 1344 Πλουτάρχωι
1602 1270 1658 1329 τόν

402 1351 553 1427 Κράτητος
575 1348 778 1427 άναγράψαντι
800 1359 868 1429 βίον
891 1350 979 1416 ούθέν
1000 1357 1035 1416 ἐκ
1056 1358 1205 1430 παρέργου
1226 1363 1279 1415 τοῦ
1300 1352 1460 1427 μανθάνειν
1484 1354 1580 1429 δεήσει
1604 1355 1659 1414 τόν

400 1437 501 1509 άνδρα.
537 1430 624 1506 οὗτος
639 1437 755 1512 ήγεμυίν
771 1439 885 1513 ἐγένετο
901 1439 1011 1514 Ζήνωνι
1027 1448 1088 1501 τῶν
1103 1447 1202 1501 καλῶν
1219 1439 1383 1516 δογμάτων·
1401 1443 1449 1499 ἐπί
1461 1440 1568 1501 τούτου
1586 1446 1659 1516 φασί

399 1524 471 1592 ,τούς
485 1519 622 1598 Ἕλληνας
644 1525 817 1600 ἐπιγράφειν
839 1538 902 1596 τοῖς
926 1527 1037 1587 έαυτιῦν
1060 1526 1151 1596 οἰίιοις
1172 1528 1220 1587 ἐπί
1240 1533 1301 1586 τῶν
1323 1530 1513 1603 προπυλαίων
1530 1522 1660 1594 (εἴσοδος

403 1608 528 1685 Κράτητι
550 1605 665 1685 άγαθῶι
686 1608 820 1683 δαίμονά.
855 1631 882 1684 p.
894 1616 973 1670 201Β
998 1611 1014 1672 ό
1035 1619 1069 1672 Κ
1088 1615 1117 1673 δέ
1134 1613 1318 1688 ἐδημοσίεοσε
1336 1613 1389 1685 τήν
1412 1608 1513 1672 ούσίαν
1535 1608 1599 1671 είτα
1622 1612 1658 1671 τό

402 1702 486 1768 σῶμα
502 1703 621 1772 βλαβεὶς
638 1697 786 1756 ἔσκωπτεν
803 1696 908 1757 ἑαυτὸν
925 1697 966 1767 εἰς
983 1701 1035 1773 τήν
1050 1697 1203 1773 χωλότητα
1221 1704 1274 1758 τού
1292 1701 1411 1766 σκέλους
1426 1703 1476 1756 καί
1493 1697 1529 1757 τό
1549 1698 1661 1769 κυρτόν

400 1787 461 1840 τῶν
477 1779 573 1852 ω’μων,
591 1782 747 1858 ἐπορεύετο
766 1785 796 1843 δέ
812 1784 859 1843 ἐπί
877 1782 929 1851 τὰς
945 1791 1006 1843 τοῖν
1022 1789 1117 1859 φίλων
1134 1783 1230 1852 έστίας
1248 1783 1371 1859 άκλητσς
1381 1785 1565 1857 κεκλημένος,
1584 1788 1660 1841 διαλ-

402 1864 518 1927 λάσσων
528 1865 596 1935 τούς
608 1866 806 1938 οἰκειοτάτους
817 1867 957 1943 άλλήλοις,
974 1868 1088 1929 εἴποτε
1100 1863 1311 1941 στασιάζοντας
1322 1868 1466 1938 αἴσθοιτο,
1485 1867 1611 1938 ἐπετίμα
1630 1871 1661 1927 δέ

404 1947 438 2012 ού
454 1949 527 2024 μετά
545 1957 670 2028 πικρίας,
688 1949 760 2013 άλλίι
777 1953 851 2026 μετὰ
867 1952 997 2029 χάριτος,
1015 1951 1068 2029 ούχ
1083 1952 1132 2013 ἵνα
1151 1966 1344 2026 συκοφαντεῖν
1362 1959 1443 2026 δοκήι
1454 1952 1524 2021 τούς
1541 1974 1660 2028 σωφρο-

403 2039 553 2106 νισθέντας
570 2034 694 2109 ιύφελεῐν
710 2041 740 2098 δέ
757 2039 867 2099 ἐθέλων
884 2037 988 2110 αύτούς
1005 2062 1038 2100 τε
1055 2041 1183 2108 ἐκείνους
1199 2045 1249 2098 καί
1261 2040 1331 2108 τούς
1347 2033 1520 2106 άκούοντας.

508 2163 548 2214 12.
567 2159 765 2217 Omo.e.Cels.
783 2161 855 2216 1141
884 2154 954 2229 όσσς
980 2163 1010 2219 δέ
1035 2166 1084 2219 καί
1110 2158 1199 2228 άλλος
1221 2159 1315 2233 χορός
1340 2155 1470 2231 πενήτων
1496 2156 1559 2215 ἐστί
1586 2150 1659 2229 παρ’
1707 2224 1711 2230 ,

395 2235 509 2316 Ἕλλησι
537 2243 797 2317 φιλοσοφησάντων
822 2251 871 2304 καί
898 2244 1031 2305 ἑκούσιον
1057 2250 1159 2305 πενίαν
1184 2239 1403 2314 άναδεξαμένων
1428 2247 1477 2300 καί
1505 2242 1533 2300 οί
1556 2246 1663 2300 πολλοί

400 2322 541 2400 Ἑλλήνων
558 2329 654 2388 ἴσασιν
670 2330 703 2389 ἐκ
721 2336 780 2389 των
797 2326 1025 2406 άναγραφέντων
1037 2337 1104 2406 περί
1115 2333 1168 2402 μέν
1177 2333 1361 2404 Δημοκρίτου
1372 2325 1541 2403 μηλόβοτον
1558 2325 1662 2387 ἐάσαν·

405 2436 456 2482 τος
473 2413 525 2488 τήν
543 2413 658 2484 ούσίαν,
675 2421 741 2488 περί
759 2419 789 2476 δὲ
809 2415 958 2492 Κράτητος
980 2417 1086 2477 ἑαυτὸν
1106 2413 1361 2491 ἐλευθερώσαντος
1383 2411 1427 2473 διὰ
1450 2419 1505 2473 τοῦ
1526 2425 1590 2482 τοῖς
1610 2420 1663 2486 θη·

404 2502 503 2573 βαίοις
529 2504 710 2572 χαρίσασθαι
740 2500 774 2561 τό
804 2498 876 2576 ύπὲρ
905 2500 999 2576 πάσης
1027 2509 1078 2575 τῆς
1106 2499 1234 2576 κτήσεως
1262 2503 1424 2573 πραθείσης
1453 2502 1542 2559 δοθὲν
1573 2499 1663 2558 αύταίι

406 2581 554 2660 άργύρισν.

510 2693 550 2744 10.
572 2690 660 2746 Ριστ.
677 2690 713 2746 de
729 2691 813 2747 Alex.
829 2692 894 2747 fort.
905 2692 934 2746 H
946 2697 961 2746 3
973 2708 1001 2761 p.
1013 2695 1085 2747 3360
1104 2683 1120 2746 ό
1137 2689 1192 2759 μὲν
1209 2680 1261 2748 σύν
1280 2693 1314 2746 Κ.
1332 2684 1419 2746 κίδύν
1434 2691 1544 2760 χρυσῆν
1562 2678 1663 2744 εἰκόνα

408 2769 521 2847 Φρύνης
536 2779 587 2846 τῆς
604 2773 721 2849 ἑταίρας
739 2774 870 2834 ἑστῶσαν
887 2775 919 2834 ἐν
937 2782 1061 2848 Δελφοῖς
1078 2769 1246 2847 άνέκραγεν,
1265 2767 1311 2831 ότι
1327 2777 1413 2830 τοῦτο
1432 2775 1483 2843 τῆς
1498 2775 1560 2829 τω”ν
1572 2766 1664 2840 ‘Emi-

408 2879 467 2917 νων
489 2853 639 2966 daepaolag„
652 2857 798 2935 τρόπαιον
814 2858 915 2933 έστηκε
938 2861 1026 2927 [stob.
1043 2861 1116 2927 11ηο
1128 2860 1212 2923 ML]
1249 2859 1284 2914 de
1301 2857 1384 2930 Pyth.
1397 2873 1469 2914 orac.
1484 2861 1561 2926 14ρ.
1573 2855 1664 2911 401Α

407 2942 469 3003 ἐκεῖ
484 2943 639 3019 βλέψον
619 2968 681 3004 ανω
702 2952 752 3004 καί
776 2946 827 3019 τήν
846 2951 956 3019 χρυσῆν
979 2945 1010 3003 ἐν
1034 2955 1096 3011 τοῖς
1118 2953 1292 3017 στρατηγοῖς
1313 2946 1363 3001 καί
1385 2945 1534 3015 βασιλεύοι
1557 2941 1665 2998 θέασαι

409 3026 633 3105 Μνησαρέτην“
615 3053 651 3103 ην
669 3028 792 3136 Κράτης
801 3028 864 3090 είπε
881 3036 931 3103 τῆς
948 3036 1008 3088 τῶν
1017 3028 1158 3102 Ἑλλήνων
1170 3023 1314 3134 άκρασίας
1325 3022 1497 3087 άνακεῖσθαι
1509 3022 1663 3097 τρόπαιον.

408 3108 530 3174 ἰδιόν
495 3137 547 3174 οον
565 3137 581 3174 ο
575 3113 734 3185 Ηνεανίας
738 3113 792 3176 εἰτ’
806 3138 840 3176 ου
833 3112 919 3189 ’περί
932 3113 1087 3191 Φρύνης,”
1070 3138 1132 3189 εφη,
1144 3112 1225 3174 τοῦτ’
1238 3117 1274 3187 ήν
1285 3112 1436 3186 εἰρημένον
1448 3117 1500 3170 τιύι
1512 3103 1664 3184 Κράτητα)

404 3198 483 3270 ᾛναί
500 3199 614 3261 εἶπενι
599 3225 616 3260 ο
636 3208 807 3307 Σεραπίων,
826 3203 999 3277 Μνησαρέτη
1015 3201 1072 3275 γάρ
1091 3200 1238 3266 ἐκαλεῖτο
1262 3199 1313 3271 τήν
1331 3199 1361 3258 δέ
1379 3196 1492 3270 Φρύνην
1514 3195 1665 3270 ἐπίκλησιν

409 3285 475 3360 ἐσχε
493 3287 537 3347 διὰ
556 3285 608 3362 τήν
625 3285 795 3362 ω’χρότηταῖ
814 3283 900 3345 Am.
912 3289 984 3344 XIII
996 3288 1075 3344 591ss
1094 3280 1180 3359 αύτῆς
1197 3286 1227 3344 δέ
1244 3290 1295 3356 τῆς
1307 3282 1419 3358 Φρύνης
1437 3282 1465 3341 oz
1483 3285 1666 3353 περικτίονες

410 3368 564 3444 άνδριάντα
587 3372 759 3444 ποιήσαντες
781 3367 923 3447 άνέθηκεν
944 3372 976 3430 ἐν
994 3377 1119 3445 Δελφοῖς
1140 3367 1264 3443 χρύσεον
1287 3368 1334 3427 ἐπί
1355 3371 1456 3433 κίονος
1479 3372 1665 3426 Πεντελικοῦ·

409 3459 603 3519 κατεσκεύασε
620 3455 649 3517 δ’
667 3454 758 3518 αύτόν
776 3459 956 3531 Πραξιτέλης.
992 3452 1029 3515 όν
1045 3461 1094 3515 καί
1117 3452 1302 3526 θεασάμενος
1320 3458 1355 3511 Κ.
1375 3449 1392 3511 ό
1409 3449 1526 3519 κυνικός
1543 3449 1598 3525 ἔφη
1616 3456 1667 3525 τῆς

410 3550 470 3603 τῶν
482 3542 622 3618 Ἑλλήνων
639 3540 782 3620 άκρασίας
799 3541 943 3618 άνάθημα.

515 3669 555 3767 14).
573 3667 661 3723 Ρτστ.
673 3667 782 3737 ooniug.
793 3683 882 3735 praee.
895 3670 928 3720 26
945 3683 973 3736 ρ
987 3664 1066 3718 141Ε
1080 3656 1211 3731 ικόσμος
1227 3658 1284 3734 γάρ
1301 3653 1392 3717 ἐστιν’
1411 3652 1451 3724 ὡς
1468 3653 1548 3730 ἔλεγε
1568 3661 1602 3716 Κ.
1617 3653 1665 3715 “τύ

411 3745 566 3820 κοσμούν’·
584 3762 691 3821 κοσμεῖ
705 3752 735 3809 δὲ
752 3773 788 3809 το
780 3750 1009 3821 κοσμιωτέραν
1026 3757 1147 3820 γυναῖκα
1166 3750 1278 3803 ποιούν.
1302 3745 1389 3810 [Stob
1401 3744 1463 3799 flor.
1475 3749 1518 3808 74,
1529 3746 1574 3808 48]
1610 3743 1667 3798 for·

413 3843 487 3892 tasse
503 3835 558 3892 hoo
574 3854 667 3892 ansam
686 3837 763 3892 dedit
780 3835 1005 3907 epistolographo
1018 3834 1136 3890 cratetifl
1154 3848 1196 3902 ep.
1209 3835 1225 3886 9
1242 3847 1269 3900 p
1282 3835 1332 3885 209
1344 3828 1444 3884 Herch.
1461 3827 1529 3883 haec
1547 3827 1667 3883 ludenti:

415 3925 542 3979 Μνασοῖ.
577 3918 615 3993 μή
633 3916 744 3994 άπίχου
761 3943 813 3980 του
801 3923 980 3979 καλλίστου
991 3910 1114 3988 κόσμου,
1132 3911 1204 3976 άλλα
1222 3912 1325 3986 κόσμει
1344 3911 1452 3985 σαυτήν
1464 3909 1586 3985 ἑκάστης
1603 3906 1668 3986 ήμέ-

414 4027 476 4080 ρας,
492 4003 540 4064 ίνα
561 4007 736 4080 διαφέρουσα
754 4000 805 4081 ήις
840 4004 1028 4072 κάλλιστος
1051 4004 1086 4062 δέ
1102 4001 1241 4073 κόσμος
1263 3993 1392 4059 ἐστίν
1380 4019 1396 4056 ο
1413 4000 1592 4056 κάλλιστα
1610 4018 1669 4055 κο-

414 4109 523 4161 σμων,
548 4091 723 4151 κάλλιστα
751 4095 785 4152 δὲ
807 4103 938 4163 κοσμεῖ
955 4086 971 4148 ό
990 4085 1237 4160 κοσμιωτάτην
1263 4089 1387 4150 ποιων,
1409 4079 1613 4156 κοσμιωτάτην
1640 4084 1671 4142 δὲ

414 4186 493 4235 ποιεῖ
509 4175 675 4250 κοσμιότης,
692 4169 720 4251 ήι
737 4199 789 4249 μοι
806 4182 923 4236 δοκοῦσι
939 4170 1020 4234 καί
1005 4200 1022 4248 η
1042 4170 1194 4247 Πηνελόπη
1210 4165 1290 4229 καίι
1277 4194 1294 4242 η
1307 4168 1453 4242 Ἄλκηστις
1469 4174 1671 4242 κεκοσμῆσθαι

409 4259 497 4325 καθ’
480 4284 523 4322 ετι
539 4267 589 4321 καί
606 4267 658 4322 νύν
673 4257 725 4321 ἐπ’
748 4258 848 4336 άρετνι
869 4257 1023 4333 ύμνεῖσθαι
1043 4264 1094 4318 καί
1115 4262 1262 4329 τιμᾶσθαι.
1295 4247 1339 4312 ‘lv’
1364 4244 1416 4312 σύν
1433 4258 1482 4311 καί
1500 4251 1534 4311 σύ
1553 4253 1672 4320 ταύταις

414 4345 567 4419 ἐνάμιλλος
584 4349 670 4423 γένηι,
687 4353 780 4420 πειρῶ
798 4345 910 4407 τούτων
928 4341 1101 4418 άντέχεσθαι
1118 4365 1178 4402 των
1190 4339 1438 4412 παραινουμένων.

518 4457 558 4507 15.
576 4452 676 4508 Smc.
694 4469 736 4522 ορ.
749 4453 791 4519 10,
806 4456 818 4506 1
840 4450 940 4518 Grates,
959 4447 1088 4513 υίοίακή
1106 4444 1215 4501 λοίγι’
1204 4443 1293 4514 τρείκο
1311 4440 1575 4509 θίύίίνοκτοσυδίίσν,
1594 4456 1673 4496 cmm

415 4536 578 4593 πιαίνουσιν
593 4538 686 4609 priore
703 4537 822 4608 epwtula
839 4535 898 4605 feci,
917 4551 978 4590 eum
994 4531 1109 4588 υτιίίοοοί
1097 4528 1351 4585 ἰοάυίοεοτνιίυίυικ
1367 4529 1465 4582 secreto
1483 4525 1675 4581 ambulantem

414 4623 598 4720 ίκίουνοφαοίί,
618 4623 685 4693 quid
701 4623 759 4678 ίίίίτ
774 4613 1017 4690 οοίιιεβσοονοίί“
1025 4633 1136 4684 mecum,
1154 4614 1251 4684 τ’κηιιίί,
1271 4606 1387 4684 loquor’.
1422 4627 1466 4667 σαι
1459 4605 1599 4666 '‘Orates
1602 4627 1673 4680 οουτ,

414 4708 511 4778 inquit,
530 4725 602 4779 νομο,
621 4712 648 4764 τί
664 4706 808 4777 δίίίροπίον
824 4705 947 4762 attende:
963 4719 1025 4758 σακε
1041 4702 1149 4758 homine
1166 4700 1239 4756 κισίο
1258 4690 1397 4768 ίοηιιοιύε’.
