4117 5617
400 563 440 623 18
936 567 960 616 1.
976 561 1122 618 THALES

399 731 452 790 τὸν
469 725 690 806 ἀναφερομένην
706 723 917 802 Ἀστρολογίαν.
950 724 1005 786 hot
1026 732 1098 788 sexti
1115 732 1214 788 saeculi
1231 749 1340 790 carmon
1355 734 1411 790 fuit
1426 742 1565 793 astrorum
1581 746 1662 796 erta-

397 819 480 888 logue
495 820 526 873 iu
542 819 695 873 ionicorum
711 821 855 870 nautarum
872 831 952 870 urum
970 817 1153 887 oompoeitum
1171 833 1348 890 anonymum,
1365 820 1410 876 eui
1426 823 1527 891 postea
1541 825 1659 880 uomina

397 902 502 958 nobilia
522 901 600 958 fuere
616 901 713 956 indita.
747 900 846 955 similia
866 899 1012 956 Cleoeoati
1029 909 1058 957 et
1078 902 1193 958 Hesiodi
1211 918 1237 972 q.
1254 902 1275 959 i.
1293 898 1486 978 α’στρονομία.
1521 906 1557 962 ef.
1576 909 1603 962 A
1617 913 1657 964 18.

397 986 583 1042 mathematici
600 986 664 1042 libri
681 985 811 1040 indicium
828 982 915 1040 habea
931 985 962 1039 A
973 989 1015 1040 20.

843 1158 868 1208 2.
888 1157 983 1211 ΠΕΡΙ
999 1114 1140 1212 ᾹΡΧΩΝ
1156 1161 1209 1214 ΑΒ

501 1275 613 1332 Geren.
630 1276 660 1329 in
676 1275 760 1344 Hipp.
778 1273 813 1329 de
829 1272 904 1328 bum.
919 1273 965 1328 11
987 1273 1067 1339 [XVI
1083 1279 1116 1329 37
1133 1274 1180 1340 K]
1205 1280 1238 1334 Θ.
1259 1277 1314 1346 μὲν
1338 1267 1391 1335 οὖν
1411 1280 1525 1354 καίπερ
1541 1278 1577 1338 ἐκ
1604 1286 1657 1340 ταῦ

397 1352 501 1427 ὕδατος
512 1359 607 1432 φήσας
618 1355 789 1417 συνεστάναι
797 1353 902 1428 πάντα,
921 1351 988 1417 ἄλλ’
1001 1349 1080 1429 ὅμως
1090 1362 1140 1416 καὶ
1153 1363 1240 1419 τοῦτο
1252 1357 1391 1434 βούλεται
1403 1369 1450 1429 [ao.
1460 1360 1657 1439 μεταβάλλειν

399 1447 440 1513 εἰς
457 1442 564 1518 ἄλληλα
582 1443 619 1503 re}
638 1447 785 1516 στοιχεῖαΙ.
819 1438 940 1512 ’ἄμεινον
956 1442 986 1501 δὲ
999 1446 1057 1528 ’καὶ
1079 1436 1169 1503 αὐτοῦ
1186 1438 1237 1515 τὴν
1258 1443 1342 1518 ῥῆσιν
1359 1452 1534 1520 προσθεῖναι
1550 1449 1587 1509 ἐκ
1604 1457 1657 1510 τοῦ

361 1523 367 1532 ’
398 1531 533 1602 δευτέρου
549 1533 621 1604 Περὶ
642 1533 703 1586 τῶν
723 1522 823 1603 ἆρχῶν
846 1523 970 1598 ἔχουσαν
987 1528 1043 1586 aiot
1060 1543 1132 1595 πως·
1155 1523 1214 1586 ‘tei
1236 1529 1299 1600 μὲν
1323 1522 1384 1590 οὖν
1401 1532 1656 1610 πολυθρύλητα

399 1615 571 1688 τέτταρα,
588 1603 636 1671 ὧν
653 1611 692 1671 τὸ
706 1616 850 1688 πρῶτον
865 1603 957 1685 ὕδωρ
974 1609 1069 1672 εἶναί
1081 1618 1267 1683 φαμενκαὶ
1284 1609 1541 1688 ὢσανεὶμόνον
1557 1639 1656 1678 στοι-

397 1709 499 1773 χεῖον
515 1702 680 1770 τίθεμεν,
697 1693 986 1771 πρόςσύγκρισίν
1003 1718 1041 1755 τε
1057 1701 1116 1755 καὶ
1133 1694 1302 1771 πήγνυσιν
1318 1704 1378 1758 καὶ
1397 1698 1567 1763 σύστασιν
1585 1711 1657 1765 ταῖν

399 1783 602 1855 ἐγκοσμίων
629 1778 720 1858 πρὸς
744 1779 877 1854 ἄλληλα
903 1779 1193 1856 συγκεραννυται.
1228 1788 1302 1851 πῶς
1327 1785 1376 1852 δέ,
1401 1782 1463 1860 ἤδη
1488 1789 1654 1849 λέλεκται

399 1863 480 1940 ἣμῖυ
496 1866 534 1926 ἐν
551 1872 608 1926 τῶι
626 1860 790 1943 πρῶταί.
824 1868 998 1938 impudenter
1013 1867 1097 1924 fietus
1113 1867 1182 1923 liber
1197 1869 1325 1926 Romana
1342 1873 1442 1941 opinor
1458 1879 1559 1930 aetate.

658 2044 682 2094 3.
699 2043 725 2093 4.
742 2042 839 2096 ΠΕΡΙ
858 2041 1019 2096 ΤΡΟΠΗΣ.
1055 2041 1152 2096 ΠΕΡΙ
1167 2043 1399 2098 ΙΣΗΜΕΡΙΑΣ

500 2157 585 2213 Droe.
596 2157 612 2212 Ι
623 2162 656 2212 23
676 2161 747 2227 [p.4,
758 2161 784 2222 1]
804 2154 880 2215 κατά
898 2178 978 2223 τινας
994 2156 1024 2215 δὲ
1040 2152 1118 2227 μόνα
1130 2157 1180 2216 δύο
1198 2158 1377 2233 συνέγραψε·
1396 2162 1466 2233 Περὶ
1478 2164 1590 2234 τροπῆς
1605 2166 1655 2220 καὶ

400 2243 557 2312 ἰσημερίας,
575 2262 611 2298 τα
630 2234 696 2299 ἄλλ’
720 2235 909 2314 deordinata
927 2237 998 2300 εἶναι
1016 2237 1183 2311 δοκιμάσας.
1204 2243 1239 2298 cf.
1257 2244 1333 2301 Suid,
1350 2249 1435 2315 p.12.
1470 2245 1537 2315 quia
1552 2245 1656 2304 Thales

399 2332 495 2381 aueto'r
510 2325 706 2395 perhibebatur
726 2326 867 2382 doetrinae
889 2327 925 2382 de
941 2328 1116 2397 aequinoctio
1138 2335 1201 2383 cett
1223 2335 1302 2384 sexto
1325 2328 1434 2385 eaeeulo
1455 2330 1484 2384 iu
1510 2329 1655 2388 Graeciam

398 2409 520 2479 perlatae
541 2409 585 2474 (ef.
603 2426 686 2479 supra
701 2426 729 2479 p.
741 2416 766 2477 4,
785 2415 825 2465 10.
845 2415 885 2465 12.
902 2428 929 2465 n.
942 2415 976 2478 3),
997 2412 1059 2467 libri
1083 2412 1113 2467 iu
1136 2412 1208 2470 buno
1229 2412 1315 2468 finem
1340 2420 1439 2483 postea
1464 2413 1657 2474 fraudulenter

400 2493 554 2563 compositi.
