4117 5617
655 561 693 615 A.
710 559 810 615 TEST.
828 559 951 615 VITAE.
986 563 1002 613 2
1021 557 1224 625 (AfflsTocL.
1243 562 1353 627 13-24)
1568 557 1628 617 179

374 737 394 821 5
420 732 608 816 σύμβουλος
636 736 656 820 5
682 733 783 820 φίλος
804 736 824 819 5
848 731 968 809 ἁπλῶς
996 736 1108 796 εἰπεῖν
1137 734 1326 817 ἀνθρωπος
1356 733 1374 792 ό
1400 753 1436 814 γε
1459 741 1631 808 τοιοῦτος;

375 839 393 922 5
418 840 452 899 τί
474 845 541 900 τῶν
563 845 672 900 κακῶν
701 839 739 898 οὑ
763 835 961 922 τολμήσειεν
991 838 1033 898 ἀν
1056 837 1076 896 δ
1102 832 1207 919 μηδὲν
1237 836 1283 909 ὡς
1312 831 1453 917 ἀληθῶς
1476 835 1631 912 οἰόμενος

377 939 467 1003 εἶναι
493 942 594 1002 κακόν
615 939 634 1023 5
659 940 799 1023 αἰσχρόν
826 940 846 1023 5
871 935 1002 1000 δίκαιον
1024 939 1044 1023 5
1071 934 1206 1012 ἀδικον,·
1229 933 1305 998 οὑδὲ
1327 937 1390 1019 γάρ
1413 938 1519 998 έκεῖνο
1544 938 1629 1021 φαίη

376 1063 429 1117 τις
450 1043 501 1119 ἀν,
526 1043 580 1103 ότι
603 1042 681 1114 τοὺς
704 1043 828 1118 νόμους
849 1036 1025 1102 δεδοίκασι
1053 1040 1111 1100 καί
1134 1039 1195 1113 τὰς
1218 1040 1384 1124 τιμωρίας
1407 1040 1441 1100 οἰ
1463 1045 1630 1100 τοιοῦτοι·

340 1156 355 1205 5
376 1151 452 1219 πῶς
474 1144 536 1228 γάρ
561 1144 599 1204 οί
617 1162 653 1224 γε
677 1142 832 1217 ἀπαθεῖς
853 1142 910 1203 καί
933 1142 1108 1224 ἀτάραχοι,
1131 1141 1292 1225 καθάπερ
1316 1142 1415 1202 αὑτοί
1438 1156 1554 1225 φασιν,
1579 1141 1630 1201 όν·

377 1266 432 1321 τες
437 1267 449 1321 ,·
535 1246 554 1306 ό
572 1249 610 1326 γέ
631 1264 687 1306 τοι
704 1245 821 1322 Τίμων
836 1250 940 1304 ταῦτα
958 1241 1047 1325 λέγει
1068 1245 1125 1305 καί
1140 1244 1222 1327 περὶ
1245 1250 1306 1304 τοῦ
1318 1244 1504 1328 Πύρρωνος
1522 1233 1682 1304 “ἀλλ’19

378 1347 468 1409 οἷον
489 1379 532 1389 -
553 1341 816 1430 νομοθήκής’
838 1341 886 1420 (fr.
903 1343 944 1420 9).
1033 1346 1163 1407 ὁπόταν
1190 1348 1307 1422 μέντοι
1331 1351 1425 1428 φῶσι
1452 1345 1490 1405 τό
1524 1345 1632 1427 σοφόν
1643 1345 1683 1406 20

379 1446 417 1536 δή
435 1456 544 1525 τοῦτο,
569 1445 659 1511 διότι
674 1444 748 1509 δέοι
761 1445 1079 1509 κατακολουθοῦντα
1096 1454 1152 1532 τήι
1168 1449 1270 1531 φύσει
1285 1441 1341 1531 ζήν
1363 1447 1420 1507 καί
1435 1449 1509 1519 τοῖς
1523 1445 1633 1520 ἔθεσι,

378 1548 496 1636 μηδενί
518 1555 636 1629 μέντοι
653 1550 979 1631 συγκατατίθεσθαι,
1002 1551 1091 1611 πάνυ
1107 1552 1197 1623 τινές
1219 1550 1306 1610 εἰσιν
1325 1548 1472 1632 εὐήθεις.
1518 1550 1549 1609 εἰ
1569 1547 1632 1632 γάρ

328 1665 357 1716 10
378 1650 497 1738 μηδενί
512 1649 629 1728 ἀλλωι,
653 1653 778 1712 τούτωι
792 1657 871 1732 γοῦν
887 1652 994 1713 αύτῶι
1012 1647 1069 1712 δεῖ
1081 1650 1363 1732 συγκαταθίσθαι
1376 1651 1433 1711 καί
1446 1647 1634 1729 ὑπολαβεῖν

380 1757 487 1830 οὑτως
510 1756 597 1832 ἔχειν
615 1754 707 1814 αὑτό.
753 1753 787 1813 τί
810 1747 846 1813 δί
868 1749 996 1829 μᾶλλον
1019 1760 1075 1837 τήι
1091 1755 1193 1837 φύσει
1217 1748 1273 1813 δεῖ
1289 1749 1555 1813 κατακολουθεῖν
1577 1751 1634 1810 καί

380 1861 453 1932 τοῖς
468 1858 569 1919 ἔθεσι
590 1855 610 1939 5
635 1856 674 1916 ού
691 1851 752 1930 δεῖ,
774 1854 819 1938 μή
837 1848 972 1928 εἰδότας
993 1875 1029 1935 γε
1054 1851 1092 1940 δή
1108 1856 1220 1939 μήθίν
1242 1850 1327 1938 μηδὲ
1342 1855 1479 1931 ἔχοντάς
1502 1872 1536 1913 τι
1552 1853 1635 1913 ότωι

379 1964 554 2041 κρινοῦμεν
561 1979 572 2032 ,·
658 1958 765 2018 έκεῖνο
780 1954 842 2032 μὲν
863 1955 925 2039 γάρ
948 1956 1005 2016 καί
1020 1957 1243 2018 παντάπασίν
1262 1957 1354 2017 ἐστιν
1369 1952 1518 2039 ήλίθιον,
1542 1956 1633 2015 έπει-
1645 1955 1684 2015 21

383 2056 445 2121 δάν
461 2056 603 2140 λέγωσιν
627 2059 681 2119 ότι
695 2058 856 2139 καθάπερ
880 2059 921 2118 τά
937 2058 1129 2142 καθαρτικὰ
1147 2060 1309 2143 φάρμακα
1327 2058 1529 2141 συνεκκρίνει
1549 2057 1633 2133 μετὰ

330 2175 358 2225 15
381 2169 448 2222 τῶν
463 2161 731 2244 περιττωμάτων
745 2160 802 2220 καί
818 2160 930 2235 έαυτά,
954 2161 1012 2221 τόν
1028 2161 1129 2221 αὑτόν
1144 2163 1274 2244 τρόπον
1288 2160 1345 2221 καί
1368 2160 1387 2219 ὑ
1403 2160 1514 2221 πάντα
1531 2153 1636 2234 ἀξιῶν

383 2260 471 2324 εἶναι
493 2259 592 2343 λόγος
613 2257 721 2345 ἀδήλα
744 2261 829 2338 μετὰ
860 2268 927 2322 τῶν
956 2259 1068 2323 ἀλλων
1099 2262 1236 2345 ἀναιρεῖ
1259 2262 1317 2322 καί
1346 2263 1474 2323 ἑαυτόν.
1520 2261 1552 2322 εἰ
1572 2260 1635 2343 γάρ

383 2366 484 2439 αὑτός
507 2364 609 2424 αὑτὸν
631 2360 770 2444 ἐλέγχοι,
802 2359 936 2447 λήροῖεν
959 2364 1000 2424 ἂν
1035 2366 1068 2425 οἱ
1093 2366 1260 2448 χρώμενοι
1289 2366 1458 2426 τοιοότωι.
1503 2358 1636 2442 βέλτιον

383 2466 441 2528 οὑν
463 2467 603 2549 ήσυχίαν
626 2465 719 2545 ἄγειν
749 2465 872 2539 αύτούς
901 2466 959 2526 καί
987 2462 1072 2550 μήδί
1102 2467 1140 2526 τό
1172 2469 1279 2544 στόμα
1308 2462 1462 2550 διαίρειν.
1550 2460 1634 2524 ἀλλά
1646 2463 1686 2522 22

381 2570 447 2653 μήν
470 2563 545 2629 οὐδ’
574 2568 693 2643 ὅμοιον
719 2566 788 2643 ἔχει
814 2585 848 2626 τι
877 2566 915 2626 τό
944 2568 1153 2653 καθαρτικὸν
1184 2570 1361 2654 φάρμακον
1389 2570 1446 2629 καί
1469 2569 1488 2628 ό
1510 2570 1638 2629 τούτων

329 2684 360 2734 20
384 2667 491 2751 λόγος.
536 2669 574 2728 τό
602 2669 664 2744 μὲν
692 2667 755 2752 γάρ
785 2669 963 2751 φάρμακον
990 2670 1174 2754 ἐκκρίνεται
1203 2669 1264 2730 κάν
1292 2673 1365 2743 τοῖς
1395 2671 1550 2747 σώμασιν
1580 2669 1639 2746 οὑχ

382 2772 555 2848 ὑπομένει,
579 2770 637 2830 τόν
651 2772 769 2847 μέντοι
792 2765 890 2850 λόγον
913 2771 948 2831 ἐν
971 2775 1048 2846 ταῖς
1063 2776 1189 2851 ψυχαῖς
1203 2772 1368 2855 ὑπάρχειν
1389 2766 1446 2831 δεῖ
1463 2771 1521 2831 τόν
1537 2770 1638 2830 αὑτὸν

384 2874 464 2934 όντα
487 2872 544 2932 καί
560 2873 804 2949 πιστευόμενον
827 2870 896 2931 ἀεί·
919 2874 1024 2949 μόνος
1038 2872 1100 2956 γάρ
1118 2869 1217 2945 οὑτος
1239 2871 1290 2956 εἴη
1314 2873 1355 2934 ἀν
1378 2873 1523 2932 όποιῶν
1539 2871 1639 2951 ἀσυγ-

383 2975 603 3047 καταθέτους.
692 2973 746 3033 ότι
768 2962 801 3033 δ’
827 2973 886 3050 οὑχ
901 2973 974 3035 οίόν
990 2993 1026 3035 τε
1049 2975 1107 3035 τόν
1123 2974 1311 3055 ἄνθρωπον
1335 2969 1523 3049 ἀδόξαστον
1550 2969 1688 3033 είναι23

385 3079 442 3139 καί
465 3072 528 3137 ὡδί
550 3075 749 3151 καταμάθοι
778 3094 831 3148 τις
854 3076 904 3136 ἀν.
950 3071 1116 3137 ἀδύνατον
1144 3076 1206 3157 γάρ
1237 3075 1295 3135 τόν
1319 3075 1571 3152 αἰσθανόμενον
1592 3075 1636 3158 μή

331 3193 362 3244 25
385 3177 633 3241 αἰσθάνεσθαι.
678 3176 716 3236 τδ
742 3165 772 3236 δ’
799 3178 1038 3238 αἰσθάνεσθαι
1067 3172 1239 3262 γνωρίζειν
1261 3196 1295 3236 τι
1315 3171 1365 3258 ήν.
1411 3172 1502 3238 διότι
1524 3172 1560 3237 δί
1582 3176 1639 3236 καί

384 3283 541 3342 πιστεύει
569 3285 625 3362 τήι
653 3277 820 3360 αἰσθήσει
849 3285 938 3340 πᾶσι
966 3281 1126 3364 φανερόν·
1165 3278 1402 3362 ἀκριβέστερον
1429 3279 1491 3362 γάρ
1525 3275 1639 3339 θέλων

386 3380 472 3446 ἰδεῖν
494 3383 656 3464 ἀπέφησε
679 3381 726 3441 τὼ
749 3377 923 3464 ὀφθαλμὼ
946 3383 1004 3443 καί
1019 3378 1219 3465 προσῆλθεν
1242 3381 1415 3464 ἐγγύτερον
1437 3381 1494 3441 καί
1517 3377 1639 3463 ἐπήλυ-

384 3488 524 3568 γάσατο.
611 3482 668 3542 καί
689 3483 754 3566 μήν
769 3477 930 3565 ήδόμενοί
950 3504 988 3564 γε
1009 3485 1067 3545 καί
1083 3489 1265 3556 πονοῦντες
1289 3480 1400 3560 ἴσμεν·
1425 3483 1463 3544 οὑ
1479 3483 1541 3567 γάρ
1566 3482 1639 3544 οίόν
1650 3480 1690 3539 24

386 3607 422 3649 τε
449 3588 507 3647 τόν
536 3583 756 3666 καιόμενονή
786 3587 987 3662 τεμνόμενον
1014 3586 1155 3667 ἀγνοεῖν.
1201 3585 1262 3658 τάς
1292 3580 1328 3646 δί
1356 3581 1395 3670 δή
1423 3587 1556 3670 μνήμας
1583 3586 1640 3646 καί

333 3703 364 3753 30
387 3690 448 3762 τάς
464 3688 667 3771 ἀναμνήσεις
690 3686 742 3758 τίς
766 3686 823 3746 οὐκ
846 3686 887 3747 ἀν
911 3688 996 3771 φαίη
1012 3677 1094 3765 μεθ’
1119 3684 1329 3770 ὑπολήψεως
1343 3688 1538 3768 γίγνεσθαι,·
1560 3688 1641 3772 περί

386 3790 531 3873 μὲνγὰρ
555 3796 622 3850 τῶν
644 3794 765 3848 κοινῶν
781 3788 928 3864 ἐννοιῶν,
953 3790 1007 3850 ότι
1028 3789 1067 3849 τδ
1084 3795 1238 3850 τοιοῦτον
1254 3788 1442 3866 ἄνθρωπός
1465 3791 1566 3866 ἐστιν,
1589 3791 1642 3851 ἔτι

388 3889 424 3954 δὲ
448 3893 529 3974 περὶ
551 3899 618 3952 τῶν
647 3891 845 3972 ἐπιστημῶν
873 3891 930 3950 καί
952 3898 1085 3969 τεχνῶν,
1114 3891 1149 3951 τί
1178 3887 1269 3971 λέγοι
1291 3909 1343 3963 τις
1371 3891 1430 3966 ἀν;
1460 3888 1640 3977 οὐδὲνγὰρ

387 3990 427 4078 ήν
443 3996 581 4069 τούτων,
604 3992 636 4053 εἰ
649 3993 694 4076 μή
711 3992 935 4075 έπεφύκειμεν
954 3990 1217 4073 ὑπολαμβάνειν.
1253 3983 1329 4052 ἀλλ’
1346 3993 1449 4074 ἔγωγε
1465 3995 1509 4055 ἐῶ
1525 3990 1640 4055 τᾶλλα.

389 4100 462 4170 τοῖς
479 4100 596 4174 μέντοι
611 4091 803 4176 λεγομένοις
824 4095 893 4155 ὑπδ
909 4097 1037 4156 τούτων
1060 4096 1118 4156 έάν
1141 4115 1177 4156 τε
1192 4096 1406 4171 πιστεύωμεν
1428 4096 1487 4157 ἐάν
1509 4115 1545 4157 τε
1561 4096 1641 4156 ἀπι-

337 4213 368 4263 35
392 4206 532 4275 στῶμεν,
556 4197 746 4277 ἀναγκαίως
768 4197 837 4273 ἔχει
859 4191 1011 4272 δοξάζειν
1036 4199 1163 4281 πάντήι
1185 4217 1220 4258 τε
1243 4197 1300 4257 καί
1322 4198 1469 4270 πάντως.

493 4315 507 4365 3
526 4306 600 4367 εἰναι
612 4325 666 4365 om.
679 4309 729 4365 OG
797 4316 812 4365 3
831 4305 865 4366 οὑ
882 4307 939 4382 γάρ
953 4310 1002 4366 OG
1071 4314 1086 4364 6
1104 4309 1239 4382 λέγεικαὶ
1252 4310 1286 4367 0:
1303 4314 1353 4367 καί
1364 4310 1439 4383 λέγει
1451 4311 1549 4379 vulgo:
1567 4308 1643 4381 λέγει

390 4400 454 4460 (om.
466 4399 523 4461 καί)
542 4393 610 4462 GU)
689 4389 860 4452 ’ίδπότεθ
923 4390 1030 4451 8διότι
1050 4393 1110 4450 OG:
1130 4385 1176 4451 δτι
1193 4397 1275 4451 noted
1345 4399 1376 4449 10
1394 4393 1454 4452 δέοι
1471 4395 1642 4466 συγκατατί-

390 4480 548 4536 θεσθαιΕΙ
617 4484 649 4534 12
666 4482 715 4536 καί
727 4489 790 4546 τοῖς
802 4475 881 4537 ἔθεσι
893 4475 957 4535 ante
973 4484 1017 4536 δεῖ
1026 4480 1103 4547 (9)ΕΙ
1173 4484 1204 4534 17
1222 4478 1330 4552 ἐλέγχει
1344 4479 1389 4535 OF
1459 4485 1490 4534 17
1508 4473 1643 4537 τοιούτωι

390 4563 452 4620 OG:
470 4561 576 4622 τούτωι
594 4565 676 4620 ceteri
762 4570 794 4620 23
815 4559 880 4622 οίόν
897 4585 929 4622 τε
949 4563 1063 4620 CDEG:
1088 4563 1200 4622 οίονται
1218 4565 1306 4635 vulgo
1391 4569 1424 4619 25
1444 4558 1489 4621 ὅτι
1505 4563 1592 4634 vulgo

391 4653 424 4703 27
447 4645 647 4722 ἐπηλυγάσατυ
671 4648 731 4705 OG:
754 4647 938 4723 ἰπιλυγίσατο
961 4651 998 4705 E:
1021 4648 1203 4708 ἐπιλίσατοΙ
1305 4653 1337 4704 28
1361 4642 1395 4707 οὑ
1418 4649 1471 4718 μὲν
1492 4647 1548 4719 ’γὰρ
1571 4648 1609 4703 ΕΙ

392 4738 422 4788 31
443 4730 573 4798 ἐννοιῶν]
592 4733 693 4790 αἰτιῶν
711 4733 759 4790 OG

1389 4821 1441 4873 12*
