4117 5617
536 643 538 647 ¹
591 572 625 626 A.
641 570 743 627 σεεν.
760 568 879 625 vm
897 573 938 623 20.
951 572 993 623 21.
1028 568 1247 626 ουσιευααιυ
1265 575 1375 627 ιι-ιο.
1563 573 1605 632 53

347 747 496 821 περαίνειν
514 740 552 801 άν
573 735 650 813 πρὸς
672 736 706 798 τό
729 735 827 798 κενόν.
863 738 892 796 ολ
915 739 970 808 μὲν
987 729 1039 796 οὖν
1062 729 1156 806 οότως
1177 744 1226 797 καί
1249 735 1293 798 διά
1316 732 1422 808 ταάτας
1444 737 1496 810 τάς
1514 743 1606 811 αἰτίας

347 825 535 903 άπεφήναντο
554 829 621 898 περί
638 830 688 897 τῆς
705 819 853 898 άληθείας.
889 820 931 882 έτι
948 825 979 881 δὲ
996 821 1044 881 έπί
1060 824 1114 894 μέν
1137 829 1198 883 τῶν
1215 822 1313 898 λόγων
1333 830 1414 884 δοκεῖ
1430 833 1520 886 ταῦτα
1539 848 1606 899 συμ-

345 917 468 989 βαίνειν,
486 911 534 970 έπί
551 912 581 970 δέ
599 916 658 968 τῶν
676 906 856 982 πραγμάτων
871 910 974 979 μανίαι
991 910 1195 983 παραπλήσιον
1218 906 1291 968 είνοιι
1308 907 1343 968 τό
1366 908 1496 982 δοξάζειν
1513 906 1606 982 οὕτως

346 999 467 1070 (Philop.
484 999 521 1055 ad
538 997 713 1064 λι.1.15ῖ,2”ί
731 995 875 1068 μέμφεται
893 991 962 1062 τοὺς
979 998 1047 1069 περί
1068 997 1254 1069 Παρμενίδην,
1274 987 1319 1053 ότι
1336 992 1474 1067 ἐνόμισαν
1491 1002 1537 1071 τῆι
1552 999 1606 1069 μὲν

345 1081 493 1156 έναργείαι
511 1087 570 1141 τῶν
587 1077 769 1155 πραγμάτων
790 1075 828 1152 μὴ
853 1085 912 1138 δεῖν
937 1070 1012 1145 όλως
1030 1080 1194 1153 προσέχειν,
1215 1079 1302 1154 μόνηι
1319 1082 1349 1139 δέ
1370 1086 1415 1154 τῆι
1432 1087 1492 1140 τῶν
1509 1081 1606 1157 λόγων

346 1163 540 1234 άκολουθίαι).

448 1292 490 1342 26.
509 1288 606 1344 Pmo
622 1285 735 1340 Theaet„
754 1287 801 1339 181
812 1284 838 1338 A
860 1281 914 1341 έάν
931 1283 962 1341 δέ
980 1282 1009 1340 ολ
1026 1288 1080 1342 τοῦ
1098 1275 1169 1342 όλου
1186 1288 1345 1340 στασιῶται
1362 1279 1543 1361 άληθέστερα
1560 1289 1606 1346 λέ-

345 1393 408 1445 γειν
419 1376 536 1441 δοκῶσι,
549 1364 716 1444 φευξόμεθα
734 1360 809 1442 παρ’
826 1361 931 1435 αὐτοὺς
948 1361 1004 1426 άπ’
1022 1361 1060 1427 αὖ
1071 1372 1132 1426 τῶν
1149 1367 1184 1426 τά
1198 1361 1316 1443 άκίνητα
1328 1364 1493 1428 κινούντων.
1520 1371 1604 1427 Sm.

345 1459 410 1514 adv.
426 1458 512 1515 math.
530 1459 558 1514 X
569 1463 603 1513 46
619 1452 657 1528 μὴ
671 1450 743 1513 εἶναι
761 1454 792 1511 δέ
810 1458 856 1522 [sc.
869 1449 921 1526 τὴν
931 1455 1050 1526 κίνησιν]
1070 1452 1099 1511 οί
1116 1457 1182 1527 περί
1195 1457 1376 1527 Παρμενίδην
1387 1459 1436 1512 καί
1449 1456 1605 1526 Μέλισσον,

346 1537 396 1610 οὓς
415 1538 432 1600 5
450 1536 644 1614 Ἀριστοτέλης
663 1539 729 1608 [scil.
747 1540 776 1593 in
794 1539 921 1610 dialogis,
937 1539 1064 1595 Platonis
1081 1539 1098 1594 l.
1116 1555 1139 1595 ο.
1158 1546 1276 1607 secutus,
1293 1556 1350 1595 non
1367 1547 1441 1597 reete
1458 1557 1512 1597 om.
1529 1542 1605 1599 Rose

344 1629 395 1683 Ar.
407 1628 545 1698 Ρεαιδομ.
558 1631 619 1691 718]
639 1622 803 1691 στασιώτας
823 1645 855 1682 τε
879 1628 929 1681 καί
946 1618 1104 1693 άφυσίκους
1125 1624 1270 1691 κέκληκεν,
1294 1621 1456 1693 στασιώτας
1471 1628 1525 1697 μὲν
1542 1623 1603 1687 άπὸ

346 1718 395 1784 τῆς
407 1709 546 1782 στάσεως,
565 1708 724 1783 άφνσίκους
736 1709 766 1769 δέ
779 1699 825 1767 ότι
836 1702 911 1781 άρχὴ
924 1704 1064 1782 κινήσεώς
1076 1706 1155 1766 έστιν
1166 1703 1183 1780 ἦ
1196 1700 1287 1782 φάσις.
1307 1703 1341 1781 ἣν
1353 1702 1469 1769 άνεῖλον
1481 1713 1606 1785 φάμενοι

346 1797 433 1870 μηδὲν
449 1802 604 1854 κινεῖσθαι.

449 1921 490 1970 21.
508 1908 701 1987 ΑετετῘΡίιγε.
718 1915 774 1969 Γ6.
791 1916 871 1968 201·9
891 1902 968 1970 οότω
985 1911 1044 1984 γάρ
1058 1907 1218 1986 ὃριζόμεθα
1236 1908 1271 1969 τὸ
1292 1903 1363 1970 όλον
1381 1905 1415 1971 οὗ
1426 1916 1518 1987 μηθέν
1535 1914 1605 1976 άπε-

346 2020 410 2058 στιν
428 1995 493 2058 οίον
510 1996 672 2070 ἄνθρωπον
696 1989 768 2055 όλον
790 1992 809 2068 ἢ
825 1993 962 2070 κιβωτόν.
998 1987 1098 2069 άίσπερ
1120 1998 1150 2055 δέ
1168 1995 1202 2055 τά
1222 1991 1295 2055 καθ’
1313 1994 1438 2057 ἕκαστον
1462 1993 1539 2059 οὕτω
1555 2005 1605 2059 καί

345 2083 380 2142 τό
399 2086 506 2158 κυρίως
519 2079 584 2144 οἷον
601 2083 636 2143 τό
658 2076 729 2142 ὅλον
748 2071 782 2141 οὗ
793 2082 880 2154 μηδέν
896 2078 975 2139 ἐστιν
991 2076 1059 2149 ἔξω·
1078 2072 1113 2140 οὗ
1131 2074 1160 2139 δ’
1177 2079 1256 2140 έστλν
1268 2076 1394 2141 άπουσίοι
1412 2080 1474 2153 ἔξω,
1494 2087 1528 2144 οὐ
1546 2090 1605 2145 πάν

346 2161 392 2226 ότι
410 2165 448 2228 άν
465 2163 542 2242 άπῆι.
580 2161 652 2228 όλον
668 2169 699 2226 δλ
720 2171 769 2225 καί
791 2166 902 2224 τέλειον
923 2161 994 2238 ἢτά
1014 2162 1089 2244 αάτδ1
1111 2162 1234 2236 πάμπαν
1256 2164 1275 2240 ἢ
1292 2165 1427 2242 σύνεγγυς
1449 2164 1501 2243 τὴν
1517 2170 1605 2244 φάσιν
1684 2224 1691 2234 ,

344 2253 430 2313 έστίν.
466 2255 577 2314 τέλειον
595 2246 622 2311 δ’
641 2246 723 2313 οάδέν
741 2252 779 2325 μὴ
798 2247 866 2324 έχον
885 2251 980 2318 τέλος·
1005 2247 1040 2308 τὸ
1060 2251 1090 2310 δὲ
1107 2251 1190 2319 τέλος
1213 2253 1313 2325 πέρας.
1348 2254 1392 2311 διό
1410 2255 1528 2328 βέλτιον
1545 2258 1603 2330 οίη·

344 2340 412 2398 τέον
430 2341 612 2415 Παρμενίδην
629 2340 781 2397 Μελίσσου
803 2334 956 2409 εἰρηκέναι·
980 2334 997 2393 5
1019 2336 1074 2406 μέν
1095 2335 1154 2409 γάρ
1176 2335 1211 2394 τὸ
1236 2336 1360 2412 άπειρον
1383 2331 1454 2398 όλον
1471 2344 1567 2414 φησίν,
1586 2336 1603 2399 5

344 2427 374 2484 δὲ
392 2422 426 2484 τὸ
447 2417 519 2483 όλον
536 2422 719 2499 πεπεράνθαι
733 2417 939 2492 ιμεσσόθεν
956 2417 1142 2489 ίσοπαλίς’
1161 2422 1305 2491 (1ι.8,14).

447 2566 489 2617 28.
508 2563 608 2619 διατι,
620 2560 700 2633 phys.
715 2562 773 2625 115,
787 2562 819 2613 11
838 2555 892 2615 τόν
905 2558 1087 2631 Παρμενίδου
1099 2557 1198 2632 λόγον,
1212 2554 1252 2627 ὡς
1265 2554 1281 2618 5
1294 2552 1474 2637 Ἀλέξανδρος
1486 2562 1604 2636 ἱστορεῖ,

345 2647 362 2703 5
381 2647 435 2716 μέν
449 2643 640 2717 θεόφραστος
658 2645 752 2717 [Phys.
765 2643 815 2714 Op.
828 2648 857 2711 '13
875 2643 948 2699 Dox.
961 2646 1022 2706 483]
1042 2634 1136 2711 οότως
1146 2643 1294 2704 ἐκτίθεται
1311 2644 1343 2705 έν
1360 2652 1413 2705 τῶι
1425 2645 1543 2722 πρῶτωι
1555 2654 1605 2721 τῆς

345 2735 469 2804 Φυσικῆς
487 2731 618 2804 ἱστορίας
635 2725 688 2787 ιτό
707 2723 787 2800 παρά
810 2725 845 2785 τὸ
866 2723 901 2785 όν
919 2722 972 2786 οάκ
991 2724 1041 2784 όν·
1064 2724 1099 2786 τὸ
1123 2729 1176 2788 οὐκ
1201 2726 1235 2788 όν
1253 2724 1348 2790 οὐδέν·
1374 2729 1406 2790 έν
1423 2730 1482 2808 άρα
1500 2734 1535 2792 τό
1554 2730 1603 2791 όν’

343 2812 474 2889 Εὔδημος
491 2817 521 2874 δέ
534 2808 627 2882 οότως
643 2810 693 2872 ’τὸ
706 2809 786 2885 παρὰ
804 2810 840 2871 τό
861 2808 895 2870 όν
908 2807 960 2872 οὐκ
974 2810 1016 2878 όν,
1035 2804 1107 2872 άλλά
1121 2819 1170 2872 καί
1180 2821 1317 2889 μοναχῶς
1328 2818 1442 2892 λέγεται
1457 2818 1492 2877 τά
1513 2815 1560 2876 όν·
1573 2817 1604 2876 έν

344 2897 403 2973 άρα
421 2898 456 2958 τὸ
471 2894 527 2959 δυ’.
557 2905 644 2960 τοῦτο
657 2900 687 2957 δέ
699 2900 726 2957 εί
740 2899 795 2969 μέν
806 2892 934 2969 άλλαχοῦ
951 2918 1009 2955 που
1020 2897 1165 2972 γέγραφεν
1177 2891 1270 2968 οὕτως
1282 2908 1383 2975 σαφῶς
1394 2901 1533 2976 Εὔδημος,
1552 2899 1605 2962 οόκ

344 2981 402 3058 ἔχω
415 2986 521 3059 λέγειν·
538 2984 571 3044 έν
583 2986 613 3043 δέ
625 2994 687 3051 τοῖς
701 2989 838 3050 Φυσικοῖς
850 2983 892 3053 [fr.
906 2987 947 3048 11]
960 2986 1027 3051 περί
1040 2986 1222 3055 Παρμενίδου
1233 2985 1301 3045 τάδε
1313 2984 1426 3060 γράφει,
1439 2987 1471 3053 έξ
1482 2980 1524 3045 ῶν
1535 2986 1605 3056 ἴσως

344 3080 517 3144 συναγαγεῖν
534 3067 569 3128 τὸ
589 3070 741 3143 εἰρημένον
758 3065 894 3126 δυνατόν·
914 3063 966 3125 (Π.
986 3067 1016 3125 δέ
1035 3061 1069 3127 οὗ
1086 3072 1220 3142 φαίνεται
1238 3069 1373 3130 δεικνύειν
1392 3064 1438 3130 ότι
1457 3070 1488 3130 έν
1505 3070 1540 3132 τὸ
1560 3070 1604 3141 όν,

344 3148 411 3212 οὐδέ
428 3151 514 3222 εἴτις
538 3149 629 3212 αότῶι
647 3150 840 3227 συγχωρήσειε
861 3156 999 3223 μοναχῶς
1020 3155 1156 3226 λέγεσθαι
1180 3151 1215 3212 τὸ
1235 3152 1279 3223 όν,
1303 3157 1330 3214 εί
1344 3156 1382 3229 μὴ
1402 3153 1437 3214 τὸ
1456 3155 1488 3214 έν
1505 3162 1557 3215 τῶι
1576 3156 1605 3215 τί

342 3241 601 3313 κατηγορούμενον
613 3236 738 3298 ἑκάστου
754 3231 853 3307 ὥσπερ
866 3241 925 3294 τῶν
941 3230 1108 3307 άνθριόπων
1127 3233 1143 3296 5
1164 3235 1331 3314 άνθρωπος.
1366 3245 1416 3298 καί
1433 3237 1604 3312 άποδιδομέ·

343 3345 402 3382 νων
419 3328 479 3382 τῶν
498 3322 595 3399 λόγων
614 3318 688 3382 καθ’
700 3321 825 3382 έκαστον
841 3316 992 3396 ἐνυπάρξει
1010 3317 1027 3380 5
1046 3328 1099 3382 τοῦ
1118 3320 1204 3390 ὄντος
1221 3317 1310 3398 λόγος
1327 3323 1359 3383 έν
1376 3316 1485 3385 άπασιν
1502 3321 1543 3394 είς
1554 3331 1604 3384 καί

345 3404 361 3466 5
380 3403 469 3476 αὐτὸς
481 3400 580 3482 άίσπερ
593 3415 642 3468 καί
656 3405 672 3467 5
685 3413 739 3467 τοῦ
755 3402 842 3477 ζῶιου
859 3405 891 3464 έν
903 3416 965 3474 τοῖς
976 3404 1081 3478 ζόιοις.
1111 3400 1211 3482 άίσπερ
1223 3410 1253 3468 δὲ
1271 3409 1298 3468 εί
1313 3407 1408 3469 πάντα
1427 3408 1470 3484 είη
1482 3411 1517 3470 τά
1533 3409 1603 3469 ὄντα

342 3493 418 3553 καλά
436 3497 486 3550 καί
503 3495 596 3566 μηθέν
614 3491 656 3567 εἴη
673 3499 774 3565 λαβεῖν
797 3487 813 3550 5
833 3487 885 3550 οὐκ
903 3487 963 3550 ἔστι
981 3489 1082 3560 καλόν,
1102 3491 1177 3553 καλὰ
1199 3497 1253 3567 μέν
1270 3492 1350 3555 ἔσται
1371 3493 1476 3566 πάντα,
1496 3491 1530 3556 οά
1547 3493 1604 3570 μήν

342 3573 375 3634 έν
392 3598 425 3651 γε
443 3577 477 3636 τό
490 3577 585 3636 καλόν
602 3574 674 3638 άλλά
694 3575 787 3638 πολλά
806 3573 851 3643 (τὸ
864 3577 917 3647 μέν
934 3576 993 3650 γάρ
1003 3583 1108 3651 χρῶμα
1126 3577 1218 3638 καλὸν
1235 3577 1316 3639 ἔσται
1334 3580 1369 3640 τό
1388 3583 1418 3641 δὲ
1433 3580 1603 3656 έπιτήδευμα

343 3663 378 3720 τό
397 3662 427 3720 δὲ
446 3656 620 3735 ὁτιδήποτε),
638 3655 715 3722 οότω
733 3661 765 3736 δὴ
783 3667 832 3721 καί
845 3660 917 3721 ὄντα
934 3663 987 3733 μέν
1004 3661 1100 3722 πάντα
1112 3659 1201 3732 ἔσται,
1219 3659 1281 3724 ἀλλ’
1303 3664 1356 3739 οὐχ
1374 3663 1406 3723 έν
1418 3661 1483 3726 οάδέ
1501 3666 1536 3725 τὸ
1556 3659 1603 3724 αά-

343 3744 392 3804 τό·
415 3742 518 3819 ἕτερον
539 3749 594 3817 μέν
616 3745 673 3823 γὰρ
695 3748 730 3807 τά
756 3741 842 3824 ὕδωρ,
865 3745 937 3807 άλλο
962 3749 991 3805 δὲ
1014 3746 1049 3805 τὸ
1078 3753 1143 3824 πῦρ.
1184 3755 1366 3822 Παρμενίδου
1386 3753 1440 3821 μέν
1463 3745 1604 3824 οόν(οάκ

343 3829 401 3903 άν)
424 3827 567 3906 άγασθείη
593 3854 637 3901 τις
659 3828 875 3902 άναξιοπίστοις
902 3824 1159 3905 α’κολουθιίσαντος
1183 3832 1282 3909 λόγοις
1305 3842 1354 3895 καί
1375 3832 1433 3895 ὑπὸ
1461 3834 1603 3896 τοιούτων

343 3910 554 3989 άπατηθέντος,
574 3912 594 3976 ά
612 3917 694 3976 οάπω
713 3916 782 3977 τότε
800 3923 963 3991 διεσαφεῖτο
982 3916 1059 3983 (οὔτε
1080 3919 1138 3993 γάρ
1156 3916 1191 3977 τὸ
1215 3926 1368 3994 πολλαχῶς
1392 3917 1488 3995 έλεγεν
1511 3923 1603 3990 οὐδείς

342 3995 415 4060 άλλά
435 3999 558 4061 Πλάτων
576 4007 695 4076 πρῶτος
712 3999 747 4061 τὸ
766 3999 867 4061 δισσὸν
879 4000 1038 4077 εἰσήγαγεν,
1057 4000 1123 4061 οὔτε
1141 4006 1176 4061 τὸ
1194 4001 1266 4064 καθ’
1286 4001 1358 4064 αὑτό
1376 4003 1517 4066 καὶκατὰ
1537 4027 1603 4077 συμ-

341 4085 492 4161 βεβηκόςλ·
519 4089 656 4159 φαίνεταί
673 4108 705 4146 τε
721 4082 779 4145 ὑπὸ
798 4086 910 4148 τούτων
922 4093 1139 4161 διαψευσθῆναι.
1170 4095 1261 4148 ταῦτα
1279 4091 1309 4149 δέ
1320 4087 1353 4147 έκ
1370 4095 1429 4148 τῶν
1441 4089 1537 4165 λόγων
1553 4096 1603 4150 καί

341 4169 375 4229 έκ
388 4175 448 4229 τῶν
459 4166 633 4244 άντιλογιῶν
644 4169 798 4247 έθεωρήθη
815 4177 864 4230 καί
875 4172 910 4231 τὸ
925 4176 1160 4246 συλλογίζεσθαι·
1181 4168 1215 4232 οά
1233 4173 1292 4247 γάρ
1304 4187 1504 4248 συνεχωρεῖτο,
1522 4176 1549 4234 εἰ
1563 4176 1603 4249 μὴ

342 4259 479 4326 φαίνοιτο
496 4252 665 4330 άναγκαῖον.
698 4256 726 4314 οἱ
744 4257 774 4315 δέ
791 4254 939 4331 πρότερον
959 4253 1176 4326 άναποδείκτως
1193 4253 1416 4331 άπεφαίνοντο’.

448 4380 489 4431 29.
508 4377 584 4431 Am.
597 4376 612 4432 I
624 4382 666 4444 24,
679 4381 693 4431 1
708 4377 790 4442 [Dox.
803 4382 863 4441 320]
884 4382 918 4435 Π.
931 4382 980 4435 καί
994 4378 1139 4444 Μέλισσος
1151 4372 1289 4451 άνήιρουν
1299 4378 1411 4451 γένεσιν
1423 4381 1473 4435 καί
1484 4377 1603 4452 φθοράν

342 4455 387 4518 διὰ
405 4455 441 4518 τὸ
461 4463 591 4530 νομίζειν
610 4460 643 4519 τό
663 4466 723 4519 πάν
739 4456 886 4535 άκίνητον.

446 4601 488 4651 30.
505 4597 630 4652 Amnon.
650 4597 685 4654 de
697 4599 808 4668 intemr.
826 4616 853 4668 p.
870 4604 927 4667 133,
942 4605 972 4654 16
990 4599 1079 4654 Busse
1096 4602 1217 4672 πρῶτον
1232 4600 1286 4670 μέν
1303 4595 1368 4674 γάρ,
1387 4594 1426 4666 ῶς
1446 4595 1461 4658 5
1483 4603 1602 4672 Τίμαιος

343 4683 379 4748 [p.
395 4685 428 4735 27
436 4680 468 4743 C]
482 4675 558 4751 ἡμᾶς
570 4681 678 4748 ἐδίδαξε
695 4686 744 4739 καί
763 4677 851 4750 αι’τός
870 4680 886 4741 5
898 4679 1091 4756 Ἀριστοτέλης
1103 4688 1254 4758 θεολογῶν
1266 4678 1462 4759 άποφαίνεται
1479 4689 1531 4744 καί
1541 4682 1600 4760 πρὸ
