4117 5617
631 595 665 648 A.
682 594 783 650 TEST.
800 592 919 650 VITAE
937 596 951 647 1
969 591 1078 660 (DIOG.
1096 591 1165 648 VIII
1182 596 1302 658 71-77).
1554 593 1594 652 81

340 786 458 853 σημον.
502 771 643 854 ὕστερον
673 764 709 830 δέ
739 764 795 830 διά
822 787 897 829 τινα
921 768 1107 851 πανήγυριν
1129 770 1357 851 πορευόμενον
1379 758 1437 828 ἐπ’
1464 763 1595 852 ἀμάξης

340 874 387 946 ὡς
412 871 462 945 είς
483 871 670 954 Μεσσήνην
694 873 812 931 πεσεῖν
834 869 891 929 καί
913 870 971 930 τόν
991 870 1100 952 μηρόν
1122 866 1259 931 κλάσαι·
1289 871 1479 953 νοσήσαντα
1504 865 1538 931 δ’
1560 872 1595 931 ἐκ

340 976 460 1035 τούτου
489 970 686 1056 τελευτῆσαι
714 972 798 1032 ἐτῶν
830 971 917 1032 έπτά
943 971 1000 1032 καί
1030 965 1268 1055 ἐβδομήκοντα.
1313 970 1401 1033 εἶναι
1430 962 1462 1033 δ’
1493 974 1598 1034 αὐτοῦ

339 1076 396 1136 καί
425 1077 536 1159 τάφον
563 1076 599 1135 ἐν
620 1074 806 1157 Μεγάροις.
894 1073 975 1155 περὶ
1005 1067 1042 1133 δὲ
1071 1079 1138 1133 τῶν
1160 1074 1243 1134 ἑτῶν
1262 1064 1498 1158 Ἀριστοτέλης
1522 1069 1595 1134 δια·
1606 1075 1646 1134 74

302 1187 319 1235 5
342 1180 498 1261 φέρεται·
523 1176 610 1260 φησί
631 1176 693 1259 γάρ
717 1176 843 1248 ἐκεῖνος
865 1171 1023 1258 ἐξήκοντα
1046 1174 1131 1235 ἐτῶν
1154 1175 1254 1236 αὐτόν
1276 1173 1484 1260 τελευτῆσαι·
1510 1176 1544 1236 οἱ
1560 1171 1596 1236 δέ

341 1280 436 1340 ἐννέα
462 1279 519 1339 καὶ
542 1280 670 1340 ἑκατόν.
714 1271 838 1361 ήκμαζε
862 1272 897 1337 δέ
919 1276 1003 1337 κατά
1026 1277 1086 1361 τήν
1109 1277 1269 1359 τετάρτην
1291 1278 1348 1338 καί
1372 1273 1596 1361 ὀγδοηκοστὴν

341 1376 536 1458 ὀλυμπιάδα
572 1373 702 1462 [44471].
754 1378 951 1461 Δημήτριος
985 1365 1017 1439 δ’
1050 1378 1070 1437 ό
1105 1372 1302 1461 Τροιζήνιος
1335 1379 1370 1438 έν
1403 1387 1466 1441 τῶι
1498 1380 1595 1440 Κατά

342 1489 519 1566 σοφιστῶν
541 1480 681 1563 βιβλίωι
704 1474 810 1563 [FHG
824 1477 870 1542 IV
886 1472 959 1561 383]
985 1480 1091 1563 φησίν
1113 1480 1215 1540 αὐτόν
1236 1468 1320 1541 καθ’
1337 1472 1485 1566 Ὅμηρον

494 1584 671 1665 ἁψάμενον
693 1584 815 1668 βρόχον
839 1581 943 1642 αίπόν
967 1570 1030 1665 ἀφ’
1054 1578 1204 1664 ὑψηλοῖο
1227 1583 1381 1666 κρανείης

288 1694 319 1744 10
494 1681 610 1764 αὐχέν’
633 1685 881 1770 ἀποκρεμάσαι,
905 1684 1014 1767 ψυχήν
1038 1676 1070 1744 δ’
1092 1675 1249 1745 Ἀϊδόσδε
1271 1682 1459 1746 κατελθεῖν.
1497 1737 1500 1741 .
1582 1693 1585 1697 ’

340 1789 375 1848 ἐν
399 1782 435 1848 δέ
457 1794 521 1848 τῶι
543 1789 795 1872 προειρημένωι
819 1782 1014 1867 Τηλαύγους
1043 1781 1245 1846 έπιστολίωι
1269 1782 1523 1866 λέγεται-αὐτόν
1546 1788 1595 1861 είς

339 1885 516 1950 θάλατταν
541 1890 610 1950 ὑπό
632 1890 743 1973 γήρως
766 1883 953 1947 ὀλισθόντα
976 1883 1182 1971 τελευτῆσαι.
1227 1889 1409 1950 καὶταῦτα
1432 1890 1492 1966 μέν
1515 1889 1595 1973 περί

340 1998 402 2052 τοῦ
422 1991 576 2052 θανάτου
599 1990 656 2050 καί
678 1995 836 2051 τοσαῦτα.
870 2008 872 2012 ·

427 2096 567 2177 φέρεται
591 2087 626 2152 δὲ
649 2093 705 2152 καί
727 2095 821 2175 ήμῶν
844 2094 894 2166 είς
917 2091 1018 2151 αὐτὸν
1041 2091 1076 2152 ἐν
1098 2098 1154 2175 τῆι
1168 2092 1381 2175 Παμμέτρωι
1404 2094 1594 2154 σκωπτικὸν

288 2201 318 2251 15
341 2200 412 2273 μέν,
435 2201 555 2257 τοῦτον
577 2182 610 2255 δ’
635 2196 711 2271 ἔχον
732 2196 791 2255 τόν
814 2196 957 2277 τρόπον·

445 2297 502 2358 καὶ
527 2299 566 2357 σό
589 2285 683 2372 ποτ’,
707 2291 950 2373 Ἐμπεδόκλεις,
974 2288 1085 2378 διερῆι
1108 2291 1209 2379 φλογί
1234 2302 1330 2373 σῶμα
1353 2297 1509 2381 καθήρας
1606 2307 1645 2365 75

490 2404 557 2482 πῦρ
582 2398 651 2458 ἀπὸ
674 2398 848 2482 κρατήρων
871 2397 986 2470 ἔκπιες
1009 2397 1200 2459 ἀθάνατον·

447 2501 504 2562 οόκ
519 2501 610 2583 ἐρέω
634 2489 666 2560 δ’
694 2501 748 2561 ότι
771 2499 894 2559 σαυτόν
917 2499 1000 2559 ἑκὼν
1022 2496 1124 2579 βάλες
1146 2502 1181 2574 ές
1202 2501 1283 2583 ῥόον
1306 2499 1448 2584 Αἴτνης,

493 2597 577 2660 ἀλλά
602 2597 723 2662 λαθεῖν
746 2598 876 2661 ἐθέλων
899 2600 1046 2677 ἔμπεσες
1069 2602 1126 2662 οόκ
1150 2599 1291 2663 ἐθέλων.
1367 2669 1369 2673 ,

287 2709 318 2758 20
341 2704 397 2765 καί
420 2699 518 2763 ἄλλο·

493 2805 550 2866 ναὶ
571 2805 637 2888 μήν
659 2799 886 2889 Ἐμπεδοκλῆα
909 2804 1030 2866 θανεῖν
1054 2800 1153 2884 λόγος
1175 2805 1222 2878 ὥς
1243 2792 1324 2866 ποτ’
1352 2802 1483 2890 ἀμάξης

544 2908 666 2968 ἔκπεσε
688 2906 745 2967 καί
767 2909 875 2991 μηρόν
896 2903 1068 2967 κλάσσατο
1093 2901 1277 2990 δεξιτερόν·

494 3009 526 3070 εί
548 3004 584 3070 δὲ
607 3010 716 3092 πυρός
737 3014 905 3093 κρατῆρας
928 3004 1072 3090 ἐσήλατο
1095 3007 1152 3068 καί
1174 3007 1234 3068 πίε
1256 3009 1294 3068 τὸ
1319 3002 1384 3092 ζῆν,

545 3117 621 3184 πῶς
643 3099 684 3171 δν
706 3101 753 3171 ἔτ’
779 3110 814 3169 ἐν
836 3108 1013 3191 Μεγάροις
1037 3102 1185 3169 δείκνυτο
1208 3104 1305 3170 τοῦδε
1329 3111 1457 3195 τάφος;

284 3217 316 3267 25
423 3205 533 3272 ἐδόκει
555 3203 587 3273 δ’
613 3213 720 3274 αότῶι
741 3206 835 3273 τάδε’
861 3213 1010 3287 στοιχεῖα
1026 3211 1087 3287 μὲν
1110 3207 1198 3271 εἶναι
1213 3213 1366 3296 τέτταρα,
1390 3220 1468 3297 πῦρ,
1491 3211 1592 3300 ὕδωρ,
1605 3220 1644 3281 76

276 3384 281 3394 ⁴
338 3318 408 3396 γῆν,
438 3312 538 3396 άέρα·
571 3311 695 3375 Φιλίαν
725 3334 761 3375 τε
790 3313 826 3398 ήι
857 3312 1067 3395 συγκρίνεται
1087 3313 1144 3373 καί
1167 3314 1290 3387 Νεῖκος
1312 3313 1354 3375 ὧι
1378 3311 1593 3401 διακρίνεται.

340 3415 426 3496 φησὶ
449 3402 482 3476 δ’
510 3415 613 3476 οὕτω·
635 3406 815 3489 ίΖεός-
831 3406 1036 3499 βρότειον’
1064 3406 1111 3494 [fr.
1127 3415 1154 3485 6,
1171 3414 1201 3475 2.
1218 3407 1260 3496 3],
1288 3415 1357 3477 Δία
1381 3416 1441 3494 μὲν
1464 3417 1501 3476 τδ
1526 3425 1593 3502 πῦρ

339 3511 452 3595 λέγων,
465 3505 572 3600 Ἥρην
596 3512 632 3578 δὲ
652 3518 711 3602 τήν
726 3524 795 3602 γῆν,
815 3508 977 3578 Ἀϊδωνέα
999 3511 1035 3576 δέ
1051 3517 1109 3576 τόν
1125 3515 1218 3601 άέρα,
1241 3519 1371 3602 Νῆστιν
1388 3514 1423 3580 δέ
1439 3520 1476 3580 τδ
1492 3514 1593 3604 ὕδωρ.

335 3606 426 3677 <καί
455 3625 597 3693 ταῦτα,
629 3618 748 3702 φησίν,
780 3613 1242 3701 άλλάττοντα-λήγει’
1269 3614 1316 3702 [fr.
1334 3621 1382 3694 17,
1399 3614 1447 3703 6],
1478 3623 1524 3696 ὡς
1554 3610 1594 3683 δν

283 3725 315 3774 30
337 3713 449 3780 ἀιδίου
473 3727 533 3804 τῆς
554 3721 714 3803 τοιαύτης
729 3715 985 3804 διακοσμήσεως
999 3721 1118 3803 οόσης·
1142 3723 1302 3807 ἐπιφέρει
1315 3730 1410 3804 γοῦν·
1432 3715 1593 3786 (άλλοτε

337 3851 380 3861 -
394 3820 496 3897 ἔχθε
506 3816 534 3881 ι’
558 3813 604 3901 [fr.
621 3821 670 3893 17,
684 3822 713 3882 7.
726 3814 768 3902 8].
856 3823 913 3884 καί
928 3823 986 3883 τόν
1000 3824 1062 3900 μέν
1076 3821 1172 3906 ήλιόν
1188 3840 1275 3907 φησι
1290 3827 1398 3909 πυρός
1413 3826 1591 3911 ἄθροισμα
1604 3832 1643 3891 77

335 3924 420 4002 μέγα
443 3922 500 3983 καί
523 3930 582 4007 τῆς
606 3920 746 4007 σελήνης
767 3917 889 4001 μείζω·
919 3926 979 4009 τήν
1003 3920 1039 3986 δὲ
1064 3922 1203 4008 σελήνην
1227 3921 1408 4011 δισκοειδῆ,
1433 3929 1533 3989 αὐτὸν
1557 3925 1593 3990 δὲ

337 4024 395 4084 τὸν
424 4025 566 4107 οὐρανόν
593 4020 865 4110 κρυσταλλοειδῆ.
910 4026 967 4085 καὶ
994 4028 1055 4110 τήν
1082 4028 1193 4110 ψυχήν
1216 4033 1363 4089 παντοῖα
1388 4024 1460 4112 εἴδη
1484 4024 1593 4104 ζώιων

336 4126 393 4186 καί
417 4134 531 4209 φυτῶν
554 4121 753 4189 ἐνδύεσθαι·
778 4126 865 4211 φησὶ
886 4134 979 4206 γοῦν·
1001 4118 1094 4211 εήδη
1109 4159 1153 4169 -
1169 4121 1307 4207 ἰχθύς’
1335 4123 1484 4212 [fr.117].

283 4231 314 4280 35
421 4227 462 4287 τά
491 4229 552 4305 μὲν
581 4227 640 4290 οὖν
667 4228 755 4312 Περί
786 4230 921 4312 φύσεως
951 4231 1057 4290 αὐτῶν
1085 4229 1141 4288 καὶ
1171 4232 1205 4291 οἱ
1229 4232 1417 4316 Καθαρμοὶ
1447 4234 1496 4306 είς
1525 4235 1591 4317 ἔπη

439 4494 452 4544 1
472 4484 523 4564 ἐφ’
541 4485 649 4563 ἁμάξης
664 4491 725 4546 B'F
794 4495 809 4545 6
828 4488 911 4548 ἐννέα
928 4496 977 4549 καί
995 4490 1111 4560 ἑκατὸν]
1129 4494 1262 4565 aGorgia
1279 4495 1413 4564 discipulo
1430 4499 1592 4555 translatum

335 4574 370 4630 ef.
383 4573 531 4640 Quinum
544 4581 567 4642 1,
580 4579 633 4631 8.9
702 4571 943 4650 ῖόημόκριτοςΡ
1012 4572 1166 4650 8Ὅμηρον]
1185 4582 1263 4634 λ278
1329 4584 1359 4635 11
1373 4583 1591 4654 προειρημένοι]

333 4660 350 4726 §
364 4663 395 4713 55
467 4663 497 4715 17
516 4656 667 4734 κρητήρων
677 4661 714 4716 P'
765 4654 1017 4719 οἷθάνατονΑιιῖλι.
1030 4663 1088 4719 Pal.
1101 4664 1155 4720 VH
1168 4669 1229 4719 1242
1248 4660 1380 4723 θάνατον
1390 4665 1453 4722 libri
1470 4666 1505 4722 of.
1517 4686 1545 4724 v.
1557 4674 1590 4724 23

334 4747 367 4797 23
385 4740 491 4801 κάκπιε
509 4744 689 4801 Οεεευλνοουε
1453 4770 1459 4780 ·

386 4836 674 4892 D101·,1²oen0ph110s.
1422 4841 1437 4891 6
