4117 5617
916 606 1136 662 PRAEFATIO
1600 611 1654 666 Vll

402 770 545 825 contextu
572 770 633 823 tam
660 762 739 824 clare
766 728 965 844 praescriptus
992 763 1164 838 videbatur,
1191 773 1225 825 ut
1251 763 1450 841 dispositionis
1480 763 1564 825 filum
1586 767 1657 827 satis

400 874 479 926 certo
510 886 565 946 per
594 865 736 946 pleraque
764 885 799 927 ac
825 866 998 946 gravissima
1025 866 1172 947 fragmina
1200 867 1336 948 persequi
1363 865 1469 930 liceret.
1518 867 1587 929 telis
1613 877 1658 929 est

399 967 532 1029 condicio
543 967 818 1048 Empedocleorum,
833 988 909 1049 quae
932 968 970 1029 ad
991 968 1089 1032 lucem
1110 968 1309 1050 amplissimae
1323 968 1587 1050 doxographorum
1598 992 1656 1031 me-

400 1071 508 1134 moriae
529 1070 644 1151 egregie
665 1070 868 1151 explanantur
889 1092 924 1132 ac
945 1071 1153 1152 disponuntur.

487 1172 524 1233 de
545 1172 663 1235 delectu
683 1183 786 1237 nostro
808 1183 962 1255 poetarum
983 1174 1041 1236 hoc
1063 1175 1188 1238 breviter
1209 1174 1392 1237 monendum
1407 1183 1459 1238 est.
1495 1175 1657 1256 recepimus

399 1273 523 1336 Eleatae
543 1284 574 1336 et
586 1275 799 1357 Empedoclem
821 1286 973 1358 tamquam
994 1275 1157 1339 medullam
1178 1276 1266 1339 huius
1288 1297 1420 1358 poeseos.
1462 1279 1510 1339 cui
1523 1278 1656 1340 Thaletis

398 1385 428 1437 et
447 1376 604 1439 Cleostrati
626 1377 813 1459 Astrologias
834 1379 1045 1461 praemisimus,
1068 1379 1139 1460 quia
1159 1401 1197 1441 ex
1218 1380 1263 1441 his
1286 1378 1389 1440 studiis
1411 1379 1506 1441 ionica
1527 1379 1657 1462 philoso-

398 1480 471 1558 phia
491 1490 555 1543 orta
584 1492 643 1556 est,
672 1488 808 1563 quamvis
829 1482 965 1545 Thaletis
994 1484 1060 1563 ipsa
1080 1483 1239 1545 auctoritas
1260 1482 1352 1544 dubia
1373 1482 1417 1544 sit.
1461 1490 1557 1543 cetera
1577 1482 1657 1546 illius

399 1581 511 1643 saeculi
532 1585 663 1646 carmina
684 1584 768 1646 velut
789 1585 940 1647 Hesiodea
962 1595 992 1647 et
1013 1585 1145 1666 Orphica
1166 1585 1230 1646 aliis
1252 1584 1340 1646 huius
1360 1584 1498 1665 Corporis
1522 1586 1657 1666 partibus

397 1694 596 1749 reservantur.
639 1685 838 1767 sophistarum
858 1688 973 1768 poetica
993 1708 1056 1749 non
1080 1687 1176 1749 minus
1191 1687 1296 1768 procul
1310 1686 1402 1749 habui
1416 1707 1506 1768 quam
1521 1689 1656 1764 Socratis,

399 1785 425 1847 si
445 1786 491 1849 dis
512 1786 623 1868 placet,
651 1787 787 1852 Platonis
809 1790 977 1853 Aristotelis
999 1791 1142 1872 Diogenis
1170 1790 1302 1872 pericula
1329 1791 1456 1871 poetica,
1484 1811 1561 1872 quae
1582 1792 1658 1853 inter

398 1887 543 1970 elegiacos
568 1890 676 1972 lyricos
699 1892 826 1974 tragicos
848 1892 1052 1955 distribuenda
1072 1901 1160 1954 erunt
1186 1901 1221 1954 ut
1241 1891 1395 1955 Cleanthis
1415 1892 1547 1974 hymnus
1569 1903 1658 1974 atque

398 2000 494 2054 cetera
509 1993 659 2057 eiusmodi.
696 1994 874 2076 Scythinum
895 2005 994 2057 tamen
1008 2004 1038 2056 et
1052 1995 1253 2057 Menecratem
1266 1994 1363 2075 recepi
1376 1995 1444 2075 quia
1459 1994 1498 2057 ad
1512 1994 1658 2057 Heracliti

398 2093 620 2176 philosophiam
646 2098 795 2178 pertinent
821 2107 855 2160 ut
875 2098 942 2162 Silli
963 2099 1096 2160 Timonis
1123 2098 1162 2160 ad
1183 2097 1391 2179 Xenophanis.
1434 2096 1556 2160 omnino
1581 2097 1657 2158 face·

399 2197 502 2259 tissimi
530 2198 592 2260 eius
619 2221 723 2263 versus
749 2210 866 2263 tantum
894 2201 1055 2263 conferunt
1076 2200 1115 2262 ad
1136 2200 1331 2282 philosophos
1351 2208 1428 2261 recte
1449 2198 1657 2262 describendos

399 2308 430 2361 et
461 2299 681 2377 diiudicandus,
716 2312 835 2367 utnon
856 2303 964 2365 inimic
985 2303 1016 2364 in
1039 2302 1096 2366 hoc
1118 2301 1189 2364 orbe
1209 2311 1409 2366 numerentur.
1453 2302 1538 2364 Timo
1560 2311 1658 2364 autem

399 2410 429 2463 et
442 2401 589 2465 Oratetam
611 2404 703 2485 paulo
725 2409 904 2488 superiorem
920 2426 1019 2468 secum
1038 2405 1128 2467 traxit
1141 2414 1171 2466 et
1184 2404 1366 2467 Demetrium
1376 2403 1467 2485 paulo
1482 2404 1656 2480 inferiorem,

399 2526 488 2586 quem
508 2505 627 2587 quidem
647 2507 759 2588 primus
780 2508 838 2570 hoc
858 2508 925 2571 loco
946 2508 1099 2572 collocavi.

484 2630 580 2671 unum
605 2618 710 2685 restat,
733 2609 813 2691 quod
841 2621 926 2693 egeat
947 2612 1009 2676 sive
1031 2609 1228 2692 explicatione
1250 2610 1311 2672 sive
1332 2608 1529 2684 excusatione,
1551 2609 1657 2672 dialec-

399 2718 456 2772 tus.
500 2711 524 2772 si
549 2711 703 2794 vulgarem
727 2713 848 2776 modum
875 2715 1045 2796 probarem,
1068 2734 1156 2795 quem
1178 2712 1264 2774 etiam
1286 2711 1458 2774 Kaibelium
1478 2721 1564 2773 caute
1586 2731 1658 2773 saue

400 2822 533 2875 secutum
560 2815 661 2891 video,
688 2816 932 2899 philosophorum
961 2837 1139 2892 sermonem,
1168 2816 1219 2897 qui
1245 2815 1373 2896 elegiaco
1395 2813 1444 2878 vel
1466 2815 1548 2895 epico
1569 2834 1658 2878 versu

399 2923 532 2990 utuntur,
563 2917 601 2979 ad
623 2917 704 2981 Iadis
726 2919 825 3000 epicae
846 2940 981 2982 normam
1002 2919 1224 2981 recensuissem.
1268 2917 1309 2980 sic
1330 2917 1500 2998 quicunque
1520 2925 1590 2978 ante
1612 2937 1658 2978 me

399 3005 642 3100 philosophorum
658 3021 762 3102 poesin
777 3021 963 3103 collegerunt
976 3021 1045 3083 inde
1060 3021 1098 3083 ab
1109 3020 1242 3083 Henrico
1258 3019 1412 3099 Stephano
1423 3017 1540 3081 Galliae
1554 3019 1658 3082 decore

399 3138 495 3200 usque
516 3120 554 3182 ad
576 3143 643 3184 eum
664 3123 823 3199 hominem,
846 3125 897 3205 qui
911 3123 1096 3187 Germanum
1117 3143 1227 3184 nomen
1249 3120 1330 3202 apud
1351 3129 1466 3182 exteros
1486 3123 1589 3184 infami
1603 3142 1659 3183 sua

398 3220 632 3302 fragmentorum
654 3225 771 3308 sylloge
791 3227 1005 3302 dehonestavit,
1028 3246 1131 3288 omnes
1151 3226 1345 3289 Homericum
1366 3225 1494 3288 colorem
1516 3226 1580 3287 sine
1594 3223 1659 3285 ulla

400 3321 584 3389 dubitatione
609 3328 782 3410 fragmentis
809 3328 1007 3393 obduxerunt
1051 3349 1176 3410 quorum
1198 3328 1367 3407 exemplum
1388 3349 1442 3410 ego
1464 3327 1547 3408 sequi
1566 3325 1659 3389 nolui.

398 3446 469 3489 nam
506 3428 630 3493 Homeri
669 3433 800 3494 carmina
831 3432 1090 3514 grammaticorum
1121 3431 1397 3493 Alexandrinorum
1428 3451 1537 3493 manus
1568 3447 1659 3510 passa

400 3538 472 3590 sunt
492 3532 588 3594 varias
610 3535 741 3614 priorum
762 3536 906 3599 editiones
928 3536 1164 3617 comparantium
1182 3534 1460 3616 etexaequantium.
1504 3529 1658 3612 inquibus

399 3639 489 3693 antea
515 3633 610 3697 multo
639 3636 777 3699 maiorem
806 3637 923 3700 dialecti
949 3638 1148 3702 diversitatem
1175 3636 1267 3700 fuisse
1295 3659 1333 3698 ex
1361 3636 1450 3700 variis
1482 3630 1658 3695 lectionibus

399 3735 602 3816 exemplorum
622 3738 707 3801 velut
728 3739 875 3802 Platonici
896 3740 1107 3803 et·Zenodotei
1128 3739 1231 3802 elucet.
1275 3740 1326 3821 qui
1347 3739 1435 3819 igitur
1454 3733 1658 3798 deficientibus

359 3830 367 3845 ’
400 3833 575 3919 plerumque
603 3839 836 3922 fragmentorum
862 3842 934 3924 ipsis
962 3843 1088 3904 testibus
1114 3841 1153 3904 ad
1183 3841 1262 3902 hanc
1283 3860 1417 3902 normam
1438 3838 1596 3900 dialectum
1616 3856 1658 3897 re

400 3938 520 4001 stituere
541 3951 631 4023 atque
653 3945 753 4005 omnia
775 3943 812 4005 de
834 3943 936 4005 eadem
958 3944 1056 4006 fidelia
1077 3943 1208 4007 colorare
1230 3943 1354 4017 studeat
1376 3943 1403 4003 ei
1423 3940 1586 4005 verendum
1606 3948 1658 4013 est,

401 4060 441 4101 uo
462 4041 551 4105 simul
572 4044 728 4126 peculiaris
751 4048 913 4122 sermonis,
936 4048 1092 4129 praecipue
1114 4046 1210 4108 Italici
1231 4055 1261 4107 et
1282 4045 1449 4119 Siciliensis,
1472 4053 1574 4105 tenera
1594 4063 1659 4106 ves-

400 4143 471 4224 tigia
491 4145 642 4208 oblitteret
661 4156 691 4209 et
712 4147 849 4210 obducat.
894 4150 978 4212 cuius
999 4150 1115 4231 generis
1135 4171 1199 4212 non
1221 4148 1309 4210 nulla
1329 4145 1467 4229 exempla
1487 4147 1516 4207 in
1537 4145 1659 4207 adnota-

401 4246 482 4308 tione
509 4248 576 4310 dedi
605 4259 635 4311 et
656 4250 778 4314 omnino
800 4251 880 4313 hanc
903 4252 1046 4314 rationem
1067 4253 1099 4312 in
1120 4251 1296 4313 Parmenide
1317 4271 1381 4312 meo
1404 4248 1547 4330 (Berolini
1563 4250 1659 4323 1897)

401 4371 430 4430 p.
454 4353 494 4413 27
517 4361 547 4413 et
567 4352 599 4413 iu
621 4353 720 4416 Musei
741 4353 883 4416 Rhenani
905 4354 965 4418 vol.
986 4355 1065 4417 LVI
1086 4376 1115 4435 p.
1138 4358 1178 4416 35
1195 4375 1238 4435 sq.
1260 4353 1390 4417 defendi.
1432 4352 1571 4413 nimirum
1592 4349 1659 4410 titu-

399 4451 498 4514 lorum
520 4464 671 4519 erutorum
693 4457 871 4520 carminibus
898 4478 933 4520 ac
946 4458 1103 4539 praecipue
1118 4456 1238 4520 Solonis
1254 4456 1502 4537 Bacchylidisque
1517 4451 1659 4533 exemplis

401 4556 530 4637 antiquis
556 4559 678 4639 repertis
705 4559 743 4620 de
767 4559 885 4622 dialecti
913 4560 995 4641 apud
1020 4569 1123 4642 poetas
1145 4560 1312 4621 constantia
1333 4559 1438 4621 fortius
1460 4577 1549 4639 quam
1570 4563 1660 4617 antea

400 4657 535 4721 dubitare
549 4660 711 4724 didicimus.
756 4660 883 4723 forsitan
897 4683 974 4744 quae
987 4683 1070 4725 nunc
1084 4662 1236 4725 arbitraria
1250 4683 1315 4724 esse
1328 4661 1475 4734 videntur,
1490 4659 1560 4723 olim
1574 4678 1659 4720 secus

400 4781 433 4823 se
460 4760 569 4824 habere
597 4761 795 4845 intellegatur.
840 4785 924 4827 nunc
951 4764 1087 4846 equidem
1115 4764 1278 4846 quidquam
1305 4761 1497 4845 praeiudicati
1524 4763 1555 4822 in
1578 4759 1658 4822 hanc
