4117 5617
786 540 818 595 B.
836 541 893 596 PR.
906 547 1050 600 117-121.
1086 547 1257 605 ΚΑΘΑΡΜΟΙ
1594 516 1655 619 165

872 716 920 768 129
939 718 979 779 [91
998 714 1043 781 Κ.,
1061 720 1111 771 392
1130 716 1180 782 St]

502 791 651 846 Pomm.
669 793 705 849 de
722 802 802 851 antro
819 798 931 869 nymph.
945 803 960 854 8
977 804 1060 870 p61,
1074 805 1105 856 19
1123 802 1228 859 Nauck.
1251 802 1332 876 παρά
1351 827 1383 865 τε
1401 804 1457 881 γάρ
1474 803 1657 880 Ἐμπεδοκλεῖ

403 874 432 932 αί
450 880 642 948 ψυχοπομττοί
660 876 792 950 δυνάμεις
808 882 857 947 (sic
874 887 956 949 rocta)
974 883 1106 957 λέγουσιν

556 983 729 1069 ἠλύθομεν
752 981 827 1051 τόδ’
851 983 916 1051 ὐπ’
941 993 1064 1077 ἄντρον
1085 995 1358 1078 ῦπδστεγον...

400 1098 481 1171 παρά
500 1122 531 1159 τε
550 1098 683 1160 Πλάτωνι
706 1100 738 1159 ἐν
760 1107 812 1160 τιῦι
835 1099 962 1177 ἑβδόμωι
978 1110 1034 1178 τῆς
1052 1109 1204 1175 Πολιτείας
1222 1115 1257 1179 [p
1272 1112 1370 1177 514A1
1393 1109 1533 1184 λέγεταιι
1542 1115 1629 1174 ἰδὲ
1598 1139 1655 1189 γαρ

400 1182 576 1262 ἀνθρώπους
600 1183 664 1246 σίου
686 1185 718 1244 ἐν
738 1191 896 1260 καταγείωι
919 1187 1038 1261 [ἄντρωι
1059 1194 1117 1257 καί]
1144 1189 1277 1264 οἰκήματι
1301 1192 1485 1297 σπηλαιιήδεό
1506 1204 1567 1258 κτλ.

401 1268 447 1332 ότι
463 1274 517 1345 μὲν
535 1265 587 1330 οὖν
598 1268 746 1345 σύμβολον
757 1269 871 1343 κόσμου
888 1271 924 1331 τά
942 1270 1035 1345 ἄντρα
1052 1278 1101 1331 καί
1118 1296 1178 1334 των
1188 1275 1352 1350 ἐγκοσμίων
1364 1276 1511 1353 δυνάμεων
1522 1283 1656 1344 ἐτίθεντο

401 1359 430 1416 σί
446 1355 596 1430 θεολόγοι,
614 1354 658 1415 διά
671 1356 951 1431 τοῦτουδελήλωται.
986 1360 1103 1415 Pwrm.
1115 1361 1186 1416 Enn.
1198 1362 1275 1430 IV8,
1289 1365 1401 1422 1P1at0
1419 1364 1451 1424 ἐν
1462 1388 1588 1442 φρουραι
1605 1369 1657 1442 τήν

400 1440 494 1516 ψυχήν
506 1462 591 1515 φησιν
603 1438 676 1500 εἶναι
692 1448 742 1500 καὶ
759 1441 795 1501 τό
809 1438 950 1515 σπήλαιον
967 1437 1057 1502 αόταῦι
1075 1436 1174 1516 ὥσπερ
1186 1439 1415 1517 Ἐμπεδοκλεῖ
1386 1471 1420 1508 τσ
1439 1449 1571 1526 ἄντρον
1589 1449 1656 1514 τόδε

399 1526 435 1586 τὸ
454 1532 513 1586 πᾶν
530 1532 611 1585 δοκεῖ
626 1547 677 1598 μοι
694 1520 838 1600 λέγειν,“
820 1549 896 1586 σπου
912 1549 945 1602 γε
962 1527 1042 1587 λῦσον
1064 1534 1124 1587 τοῦν
1142 1535 1254 1634 δεσμρῦν
1277 1537 1325 1590 καί
1343 1531 1452 1592 ἄνοδον
1468 1536 1502 1595 ἐκ
1517 1543 1571 1597 τοῦ
1589 1560 1656 1613 σπη-

399 1616 485 1672 λαίου
510 1619 554 1686 τῆι
576 1618 662 1687 ηνυχῆι
684 1634 769 1686 φησιν
795 1609 922 1671 εἶναι
892 1635 943 1685 την
968 1614 1045 1686 πρός
1071 1613 1106 1673 τό
1134 1617 1241 1688 νοητόν
1264 1620 1389 1687 πορείαν
1413 1620 1487 1686 [hino
1503 1623 1577 1680 Aen.
1589 1624 1656 1682 Gaz.

398 1699 537 1770 Theophr.
558 1716 585 1769 p
598 1703 614 1753 6
631 1699 731 1764 Βοιεε]

780 1838 828 1889 121
848 1839 898 1900 [13.
911 1839 953 1889 21.
966 1839 998 1890 22
1017 1835 1062 1899 Κ,
1081 1839 1216 1891 385-388
1235 1836 1284 1903 St]

505 1926 528 1976 1.
540 1925 564 1975 2.
576 1925 593 1975 4
610 1920 748 2020 Ηιτιιορῐ.
761 1920 797 1975 ad
808 1936 832 1976 σ.
843 1937 901 1975 aur.
913 1925 946 1975 24
964 1920 1000 1975 ad
1017 1938 1046 1976 v.
1059 1925 1092 1975 54
1101 1936 1162 1991 sqq
1180 1919 1272 1979 ἄνεισι
1290 1923 1319 1980 δὲ
1330 1927 1379 1981 καί
1396 1922 1449 1997 τήν
1460 1920 1588 2032 άργαίαν
1599 1926 1657 1998 ἐξιν

399 2001 611 2080 ἄπολαμβάνει,
633 2005 662 2062 εί
681 1999 768 2077 φόγοι
789 2002 825 2063 τὰ
848 2009 915 2077 περὶ
937 2010 990 2078 γῆν
1010 2002 1136 2063 καὶτὸν
1161 1998 1316 2079 ἄτερπέα
1331 2013 1451 2109 χῶρον
1473 2007 1513 2079 ὡς
1532 2008 1548 2070 6
1568 2008 1657 2083 αότός

400 2095 483 2166 λέγει,
501 2088 588 2149 ενθα
602 2093 786 2162 -Κηρων,
807 2084 890 2157 είς“
873 2111 909 2148 ον
932 2089 960 2148 οὶ
982 2083 1186 2161 ἐμπεσόντεςι
1191 2086 1328 2163 Ἄτης-
1338 2085 1556 2166 ήλάσκουσι·
1591 2094 1657 2171 ήδὲ

399 2175 496 2249 ἔφεσις
513 2182 566 2235 τοῦ
583 2172 744 2248 φεόγοντος
760 2172 816 2232 τόν
832 2179 882 2246 τῆς
895 2172 987 2248 Ἄτης
1003 2179 1157 2245 λειμῶνα
1180 2173 1255 2245 πρός
1276 2172 1330 2234 τόν
1352 2182 1402 2250 τῆς
1418 2172 1563 2252 Ἄληθείας
1579 2181 1655 2242 ἐπεί·

398 2285 481 2339 γεται
497 2267 631 2333 λειμῶνα,
651 2255 686 2319 όν
703 2254 856 2319 άπολιπών
873 2265 917 2333 τήι
936 2254 1022 2331 ὅρμῆι
1039 2263 1090 2331 τῆς
1111 2255 1351 2332 πτερορρυήσεως
1368 2260 1460 2329 εἰς’
1424 2285 1525 2336 γηινον
1542 2261 1656 2340 ἔρχεται

399 2354 484 2421 σῶμα
503 2343 604 2421 ὀλβίου
621 2346 729 2412 αἰῶνος
746 2339 892 2416 άμερθείς
945 2350 969 2401 2
980 2344 1145 2401 4Ρεοοῐ.
1137 2362 1167 2398 1n
1183 2344 1266 2399 RP.
1282 2346 1312 2400 Π
1325 2350 1383 2412 151,
1395 2351 1428 2403 24
1445 2348 1533 2406 Kroll.
1550 2357 1657 2410 τοῦτον

398 2429 435 2492 ’.Ε
453 2430 522 2492 ίδων
539 2429 593 2490 τὸν
610 2435 765 2501 λειμῶνα
783 2433 932 2487 παντοίων
954 2423 1045 2487 αάτόν
1063 2424 1137 2487 είναι
1159 2449 1259 2485 κακων
1276 2425 1369 2502 πλήρη
1386 2435 1436 2488 καί
1453 2429 1534 2493 εἶπεν
1550 2438 1646 2495 καίί
1618 2458 1656 2496 ε·

398 2519 465 2578 πών
483 2513 648 2588 ἄνοίιμωξεν
660 2510 766 2574 ἔνθα
780 2547 810 2555 -
824 2507 1042 2584 ήλάσκοντα
1043 2555 1049 2567 .
1068 2514 1103 2570 cf.
1116 2514 1216 2570 Sms.
1229 2515 1265 2570 de
1276 2531 1353 2586 pmv.
1367 2520 1381 2570 1
1402 2516 1441 2581 [A
1452 2522 1485 2575 99
1502 2525 1656 2590 p.105,18]

463 2610 516 2661 29
533 2605 665 2658 Pnocws
682 2602 712 2656 In
727 2601 798 2657 Orat.
816 2617 844 2670 p.
858 2605 906 2655 103
919 2600 1007 2657 Βοίεε.
1030 2602 1100 2667 (siue
1116 2599 1253 2665 lemmate)
1278 2594 1295 2670 ή
1311 2600 1365 2669 μὲν
1383 2600 1495 2676 ίατρικῆ
1513 2609 1568 2663 τοῦ
1584 2611 1657 2665 θεοῦ

398 2695 510 2761 μᾶλλον
529 2686 561 2746 ἐν
578 2697 641 2754 τοῖς
656 2682 716 2745 άπὸ
735 2681 854 2758 σελήνην
871 2679 974 2742 “ἐνθα
987 2716 1022 2725 -
1034 2679 1178 2758 ῥευστά’
1230 2689 1246 2738 2
1264 2685 1358 2740 Pmo
1376 2686 1411 2742 de
1427 2704 1508 2759 prov.
1526 2695 1577 2760 [ap.
1589 2691 1655 2747 Eue.

399 2776 430 2830 P.
442 2775 476 2830 E.
494 2772 563 2830 VIII
576 2777 608 2828 14
625 2789 653 2842 p.
666 2770 759 2837 3990]
785 2767 839 2828 τόν
862 2766 894 2826 ἐν
915 2777 978 2836 τοῖς
999 2769 1145 2836 τοιούτοις
1165 2772 1286 2841 χωρίοις
1303 2767 1482 2839 ἐνοικοῦντα,
1495 2767 1604 2832 ιἔνθα
1624 2807 1655 2817 -

400 2862 505 2932 Κηριῦ
511 2851 541 2914 ν’
553 2853 780 2915 ἐναλλάττεσθαι
792 2853 844 2921 τάς
856 2848 916 2912 ἄπό
930 2859 989 2912 τῶν
1000 2851 1143 2912 τοιούτων
1154 2853 1239 2925 τιμάς
1251 2848 1419 2927 άναγκαῖον.
1453 2858 1537 2961 Tim?
1548 2858 1656 2933 Smyrn.

398 2961 426 3014 p.
441 2948 498 3010 149,
510 2948 527 2998 4
545 2942 633 2998 Hiller
651 2949 695 3008 [ox
712 2940 829 2996 Adrasti
846 2941 971 3005 oomm.?]
994 2943 1054 2997 τιῦν
1072 2934 1098 2996 δ’
1124 2934 1182 2996 ὑπὸ
1208 2936 1328 3012 σελήνην
1351 2945 1400 2997 καί
1422 2936 1526 3012 ττερίι
1513 2947 1586 3015 ημᾶς
1607 2949 1657 3002 καί

398 3023 530 3101 μέχριςι
515 3033 597 3099 ημιῦν
614 3031 695 3085 πάσα
713 3023 860 3098 μεταβολή
884 3029 933 3082 καί
955 3027 1066 3098 κίνησις
1086 3027 1136 3079 καί
1152 3019 1289 3096 καθάπερ
1311 3028 1407 3096 φησίν,
1420 3020 1529 3083 ιἐνθα
1541 3058 1575 3068 -
1587 3032 1656 3086 K
1620 3053 1656 3101 η

400 3107 494 3187 0616.
528 3117 577 3170 καί
594 3109 650 3187 γάρ
663 3111 772 3185 γένεσις
788 3115 838 3167 καί
855 3106 956 3181 φθορά
974 3114 1041 3211 περὶ
1059 3103 1155 3166 πάντα
1168 3100 1318 3166 τάτταῦθα
1335 3113 1384 3166 καί
1402 3107 1515 3184 αᾶξησις
1531 3117 1581 3171 καί
1597 3117 1657 3185 μεί-

400 3217 470 3264 ωσις
487 3192 642 3264 άλλοίωσίς
659 3217 692 3255 τε
709 3199 836 3254 παντοία
853 3200 933 3253 καί
920 3219 937 3267 η
953 3191 1029 3252 κατά
1046 3189 1142 3251 τόπον
1160 3195 1275 3266 ποικίλη
1287 3190 1375 3267 φορά.
1410 3196 1537 3253 Indidem
1549 3198 1656 3255 Ome.

398 3284 428 3337 iu
445 3283 517 3337 Tim.
530 3286 563 3337 79
580 3300 608 3353 p.
622 3287 680 3349 149,
694 3286 724 3336 11
737 3283 795 3338 Wr.
813 3284 845 3336 at
859 3297 921 3336 υενο
935 3279 985 3335 ενδ
1003 3279 1168 3348 lunamque
1185 3279 1224 3333 αδ
1241 3296 1319 3334 omne
1328 3297 1414 3350 φοπαε
1430 3285 1560 3351 motuum,
1579 3300 1657 3338 omne

399 3366 484 3422 etiam
504 3368 696 3435 mutationum,
716 3383 832 3437 ρνονεαε
852 3369 885 3421 αδ
904 3369 945 3420 ωδ
963 3364 995 3419 ι’νι
1016 3366 1103 3419 vetere
1123 3380 1204 3418 versu
1222 3359 1292 3418 ‘m
1315 3363 1406 3420 νδίνδε
1423 3366 1456 3431 (I)
1477 3366 1569 3422 ταδίω
1584 3368 1657 3437 sarie

399 3469 481 3507 ανανι
503 3452 633 3508 wamma
654 3451 729 3506 mille
755 3452 798 3518 (ef.
821 3451 876 3508 Βίτ.
892 3450 968 3506 Μαι.
983 3455 1031 3517 49,
1049 3453 1110 3514 418)
1161 3448 1296 3504 Dmm.
1314 3448 1422 3521 Cydon.
1440 3451 1529 3507 Boios.
1548 3452 1656 3509 Anocd.

399 3537 472 3593 Nov.
490 3554 517 3606 p.
535 3541 595 3592 299.
629 3538 752 3593 imitatur
768 3538 860 3593 Vm.
876 3536 950 3592 Aea
967 3535 1008 3591 VI
1024 3538 1075 3589 214
1084 3549 1145 3604 sqq.
1215 3539 1232 3589 4
1249 3534 1353 3589 Ραοοτ.
1371 3536 1401 3589 In
1417 3535 1487 3592 IIm.
1510 3554 1538 3607 p.
1555 3542 1606 3593 999
1625 3540 1656 3606 [Β

398 3638 427 3692 p.
441 3625 491 3677 824
504 3621 595 3686 Sem]
625 3613 702 3680 οὕτω
725 3621 755 3680 δέ
771 3625 820 3679 καί
842 3618 874 3678 ἐν
897 3622 1046 3678 Πολιτεῖαι
1064 3618 1211 3704 [Χ621Α]
1239 3614 1293 3675 τόν
1320 3624 1369 3691 τῆς
1394 3617 1495 3693 Λήθης
1520 3623 1657 3693 ποταμόν

399 3701 563 3766 άπεκάλεσε
580 3712 678 3766 πᾶσαν
696 3705 749 3779 τήν
765 3703 971 3781 γενεσιουργόν
987 3701 1082 3776 φάσιν,
1100 3701 1132 3761 ἐν
1148 3705 1178 3776 ήι
1194 3707 1243 3760 καί
1261 3698 1278 3775 ή
1294 3699 1379 3778 Λήθη
1395 3708 1445 3763 καί
1464 3700 1481 3763 6
1499 3710 1549 3779 τῆς
1563 3703 1657 3781 Ἄτης

399 3787 545 3862 λειμών,
563 3786 603 3861 ὥς
620 3814 705 3867 φησιν
723 3786 759 3850 Ἑ.
797 3793 859 3848 Im.
876 3808 916 3848 or.
933 3796 947 3845 1
966 3807 994 3860 p.
1011 3790 1094 3845 226Β
1118 3787 1266 3861 ἐπιβλέπει
1291 3786 1359 3857 τοὺς
1381 3786 1486 3858 ἄλλους
1503 3784 1612 3864 ι,Ἄτης
1623 3824 1657 3834 -

399 3870 417 3952 ή
423 3876 464 3936 λά
470 3877 645 3947 σκοντας’.
680 3879 820 3933 Tum.
833 3893 873 3933 or.
884 3876 956 3931 XIII
969 3878 1017 3930 118
1039 3875 1108 3945 μηδὲ
1124 3867 1308 3944 Ἐμπεδοκλεῖ
1331 3880 1547 3952 συγχωροῦντες
1564 3869 1658 3951 άληθῆ

400 3965 493 4036 λέγειν
510 3968 701 4036 δυσφημοῦντι
718 3961 771 4021 τὸν
787 3962 917 4034 ἐπίγειον
939 3956 1035 4017 τόπον
1056 3962 1105 4015 καί
1120 3957 1199 4031 Ἄτης
1221 3963 1347 4027 λειμῶνα
1371 3958 1593 4033 ἐπονομάζοντα
1612 3962 1656 4029 (cf.

399 4049 456 4103 xx
467 4065 495 4117 p.
507 4053 567 4113 τισι
602 4048 703 4104 Sms.
716 4049 795 4118 epist.
809 4051 857 4102 ιιι
875 4062 902 4115 p.
915 4049 965 4100 τεο
976 4044 998 4100 c
1010 4043 1133 4099 Hemher
1144 4037 1399 4118 τοὺςδννρδπους
1410 4041 1657 4120 quamm-

398 4125 639 4206 ήλάσκοντας’
651 4137 706 4190 καί
723 4143 787 4200 ταῖς
801 4134 937 4204 χθονίαις
955 4127 1226 4202 ἐγκαλινδουμένονς
1243 4131 1397 4201 φροντίσιν
1414 4135 1476 4187 κτλ.

1042 4286 1049 4299 .
1096 4238 1245 4321 ἀτερπέα
1267 4243 1387 4321 χῶρον,

552 4346 639 4406 ἔνθα
664 4346 776 4418 Φόνος
798 4363 834 4404 τε
857 4342 969 4415 Κότυς
991 4360 1027 4401 τε
1050 4340 1107 4401 καὶ
1129 4336 1241 4399 ἄλλων
1264 4339 1368 4400 ἔθνεα
1393 4341 1516 4423 Κηριῖιν

505 4459 572 4514 1ο1.
591 4458 672 4514 Hom.
689 4461 751 4515 λ94
768 4451 908 4529 ήλυθες”
890 4475 968 4554 οφρα
987 4449 1089 4524 ίδηιέ
1058 4472 1074 4508 ν
1089 4471 1160 4517 κυας
1182 4443 1268 4507 καί’
1248 4450 1376 4551 ατερπέα
1393 4472 1506 4524 χωρον;
1524 4453 1558 4509 cf.
1575 4452 1656 4509 Dem.

391 4548 441 4609 25,
454 4548 486 4599 52
504 4538 575 4612 μεθ’
593 4534 636 4601 ἄν
653 4540 678 4601 δ’
693 4541 722 4600 σί
733 4536 883 4615 ζωγράφοι
900 4537 969 4605 τοῦς
980 4530 1097 4610 άσεβεῖς
1113 4526 1164 4594 ἐν(
1163 4526 1251 4593 Ἄιδου
1262 4532 1433 4608 γράφουσιν,
1450 4535 1524 4607 μετά
1535 4539 1656 4603 τούτων,

397 4622 466 4699 μετ’
482 4623 566 4702 Ἄρᾶς
575 4634 625 4687 καὶ
637 4632 822 4700 Βλασφημίας
832 4630 882 4685 καί
896 4618 1017 4683 Φθόνου
1027 4626 1078 4679 καί
1090 4617 1230 4687 Στάσεως
1246 4625 1296 4678 καί
1308 4624 1439 4688 Νείκους.
1466 4640 1546 4680 omns
1557 4625 1657 4695 Empe·

400 4714 474 4771 docli
492 4725 536 4772 est
551 4721 625 4772 terra
704 4708 832 4786 2φόνος
848 4732 879 4769 τε
897 4709 988 4775 κότος
1005 4727 1038 4765 τε
1056 4706 1250 4763 flior.cha10.:
1268 4702 1384 4780 φθόνος
1401 4727 1433 4766 τε
1450 4705 1539 4775 κότος
1556 4728 1588 4766 τε
1606 4708 1657 4781 Sy·
