4117 5617
628 1513 682 1597 ιο.
705 1463 923 1600 οεκεεε
952 1515 1256 1600 εσεεκυυε

491 1701 550 1772 Α.
572 1701 842 1766 TESTIMONIA
863 1703 1001 1767 VITAE
1021 1704 1078 1766 ΕΤ
1100 1702 1378 1769 SCRIPTURAE.

427 1889 451 1940 1.
467 1885 614 1940 Lmnus
631 1886 781 1974 Βῐοοεκεε
799 1887 840 1943 VI
852 1890 963 1942 85-98.

408 2112 546 2195 Κράτης
569 2105 758 2175 Ἀσκώνδου
790 2112 951 2197 Θηβαῖος.
995 2113 1052 2174 καί
1082 2111 1182 2188 οὗτος
1208 2121 1274 2176 τῶν
1302 2110 1488 2196 ἐλλογίμων
1515 2120 1578 2176 τοῦ
1585 2117 1628 2178 85
1756 2147 1768 2169 ·

322 2214 433 2286 Κυνός
447 2214 624 2298 μαθητῶν.
665 2204 869 2296 Ἱππόβοτος
891 2211 929 2278 δέ
952 2231 1057 2300 φησιν
1080 2216 1118 2277 οὐ
1133 2218 1317 2297 Διογένους
1339 2217 1440 2277 αὐτὸν
1461 2217 1576 2300 μυδη-

322 2318 381 2401 την
409 2319 595 2396 γεγονέναι,
628 2312 714 2377 ἀλλὰ
742 2318 926 2400 Βρύσωνος
959 2325 1021 2379 τοῦ
1044 2309 1191 2397 Ἀχαιοῦ.
1242 2320 1362 2380 τούτου
1395 2319 1575 2399 Παίγνια

324 2421 465 2503 φέρεται
493 2413 588 2479 τάδε·
615 2409 801 2502 (Πήρη-
817 2410 952 2503 δόξης
983 2418 1031 2495 [fr.
1047 2414 1090 2502 4].
1179 2421 1254 2482 ἔστι
1279 2420 1336 2481 καί
1363 2420 1528 2505 ἐφημερὶς
1554 2423 1627 2504 η86

292 2517 535 2604 οθρυλουμένη
566 2521 675 2594 οὕτως
700 2521 838 2598 ἐχουσα·
866 2513 1296 2608 (τίθει-τριώβολον
1325 2514 1457 2604 [fr.13].
1503 2523 1577 2583 ἐκα-

323 2618 413 2683 λεῖτο
438 2617 474 2683 δέ
496 2623 553 2684 καί
571 2622 846 2707 Θυρεπανοίκτης
869 2619 925 2684 διὰ
949 2625 987 2685 τὸ
1011 2626 1061 2698 είς
1083 2629 1199 2686 πᾶσαν
1222 2626 1366 2686 εἰσιέναι
1389 2625 1498 2685 οἰκίαν
1521 2624 1578 2685 καί

322 2723 514 2786 νουθετεῖν·
538 2725 631 2787 ἔστιν
654 2727 760 2787 αὐτοῦ
779 2724 836 2785 καί
851 2721 945 2786 τόδε·
966 2717 1101 2787 (ταῦτ’
1120 2759 1163 2768 -
1178 2716 1378 2811 έμαρψεν’
1405 2723 1451 2801 [ir.
1467 2725 1498 2801 8]
1521 2725 1578 2786 καί

324 2827 378 2887 δτι
400 2827 435 2887 ἐκ
452 2823 665 2912 φιλοσοφίας
680 2827 786 2888 αὐτῶι
802 2830 1013 2911 περιγένοιτο
1035 2819 1107 2889 (δέ
1114 2849 1133 2910 ρ
1140 2849 1226 2907 μων
1241 2862 1284 2872 -
1297 2823 1443 2907 μέλειν
1465 2823 1512 2901 [ir.
1528 2827 1577 2899 18,
1675 2830 1677 2834 ’

324 2927 364 3003 2].
407 2930 549 3013 φέρεται
572 2919 605 2989 δ’
631 2928 737 2990 αὐτοῦ
756 2928 903 2990 κάκεῖνο·
934 2919 1145 3013 (ἐρωτα-
1163 2919 1327 3015 βρόχος’
1359 2927 1406 3005 [fr.
1430 2928 1490 3002 14].

272 3039 302 3089 10
322 3025 447 3115 ἤκμαζε
470 3026 506 3091 δὲ
527 3030 612 3091 κατὰ
635 3031 695 3115 την
717 3031 833 3114 τρίτην
854 3030 912 3092 καί
935 3026 1075 3114 δεκάτην
1096 3032 1153 3093 καί
1169 3034 1351 3118 έκατοστην
1364 3025 1575 3109 Ὀλυμπιάδα
1586 3034 1627 3094 87

322 3130 524 3208 [328-3251.
562 3133 681 3194 τοῦτόν
705 3150 811 3217 φησιν
823 3125 1045 3217 Ἀντισθένης
1064 3134 1099 3194 ἐν
1113 3130 1302 3214 Διαδοχαῖς
1317 3131 1421 3212 [ΚΗΘ
1434 3131 1487 3193 ΙΠ
1503 3126 1575 3216 182]

324 3233 540 3311 θεασάμενον
569 3234 605 3295 δν
631 3254 701 3295 τινι
729 3230 932 3318 τραγωιδίαι
963 3231 1120 3319 Τήλεφον
1155 3232 1336 3319 σπυρίδιον
1369 3238 1486 3315 ἔχοντα
1520 3235 1578 3296 καί

324 3331 430 3396 τᾶλλα
447 3332 575 3419 λυπρόν
598 3331 694 3411 διξαι
715 3336 776 3397 ἐπὶ
798 3338 857 3423 την
877 3337 1009 3421 κυνικὴν
1025 3333 1251 3422 φιλοσοφίαν·
1275 3334 1578 3423 ἐξαργυρισάμενόν

325 3456 362 3498 τε
390 3439 450 3522 την
479 3437 598 3499 οὐσίαν
621 3437 689 3512 (καί
715 3437 778 3522 γάρ
800 3433 841 3521 ἦν
863 3445 930 3499 τῶν
953 3438 1144 3522 ἐπιφανῶν)
1174 3440 1389 3524 ἀθροίσαντα
1419 3441 1507 3524 πρὸς
1535 3439 1577 3500 τά

273 3547 303 3597 15
326 3531 467 3622 [ἑκατόν]
496 3533 653 3600 διακόσια
683 3535 841 3615 τάλαντα,
869 3543 944 3612 τοῖς
971 3537 1131 3615 πολίταις
1161 3541 1291 3603 άνεῖναι
1317 3548 1431 3603 ταῦτα.
1476 3542 1578 3604 αὐτὸν

326 3637 362 3702 δέ
384 3648 554 3725 καρτερῶς
576 3641 664 3702 οὕτω
694 3637 900 3725 φιλοσοφεῖν
923 3642 970 3714 ὡς
991 3642 1048 3703 καί
1073 3638 1248 3726 Φιλήμονα
1272 3645 1330 3706 τὸν
1352 3645 1498 3722 κωμικὸν
1521 3645 1578 3705 αδ-

325 3749 389 3805 τοῦ
406 3742 614 3827 μεμνῆσθαι.
661 3742 748 3827 φησί
770 3749 848 3824 γοῦν
873 3734 1096 3825 [FOA11523
1118 3742 1155 3805 fr.
1172 3746 1233 3806 146
1248 3739 1350 3828 Koek]

529 3843 586 3906 καί
608 3844 817 3929 τοῦθέρους
839 3846 899 3922 μέν
923 3843 1009 3924 εἶχεν
1034 3847 1169 3924 ἱμάτιον
1193 3843 1288 3923 δασύ,

532 3939 578 4007 ίν’
603 3947 650 4020 ὡς
673 3947 810 4032 Κράτης
831 3943 878 4030 ῆι,
901 3954 963 4008 τοῦ
984 3943 1020 4009 δέ
1041 3955 1207 4026 χειμῶνος
1229 3951 1341 4033 ῥάκος.

273 4056 304 4109 10
328 4048 415 4133 φησί
449 4043 485 4110 δὲ
513 4044 662 4133 Διοκλῆς
695 4053 816 4110 πεῖσαι
849 4048 950 4110 αὐτόν
977 4050 1122 4134 Διογένη
1152 4052 1212 4136 την
1241 4052 1360 4112 οὐσίαν
1388 4047 1578 4134 μηλόβοτον

327 4150 459 4212 ἀνεῖναι
479 4150 537 4211 καί
559 4149 595 4211 εἴ
613 4170 647 4213 τι
663 4151 821 4235 άργόριον
843 4148 906 4235 εἴη,
930 4152 980 4224 είς
1001 4148 1179 4213 θάλατταν
1193 4149 1318 4233 βαλεῖν.
1406 4152 1463 4213 καί
1486 4153 1577 4235 Κρά-
1587 4158 1628 4218 88

326 4271 428 4336 τητος
442 4255 513 4330 μέν,
538 4254 653 4338 φησίν,
677 4250 804 4326 δοίκος
825 4241 887 4313 ὑπ’
903 4240 1124 4337 Ἀλεξάνδρου
1149 4273 1166 4310 τ
1187 4275 1215 4329 ε,
1234 4245 1435 4339 Ἱππαρχίας
1458 4250 1494 4316 δέ
1508 4254 1577 4315 ὑπὸ

1452 4363 1581 4372 ——.

433 4404 463 4454 11
481 4407 548 4470 post
564 4400 596 4456 ἐν
613 4401 677 4456 εδδ.
695 4410 758 4467 ταῖς
775 4401 798 4455 F
862 4403 1038 4473 τραγιοιόίαι]
1055 4402 1195 4471 Euripidis
1212 4403 1246 4458 ef.
1258 4404 1310 4458 Ar.
1322 4401 1394 4457 Aah.
1406 4405 1465 4455 453.
1478 4405 1528 4456 169

329 4489 361 4540 14
379 4479 521 4542 ἐπιοδνιον
538 4485 562 4539 Β
615 4481 690 4558 πρὸς
707 4480 742 4542 τά
763 4489 845 4556 onai
863 4485 928 4542 dP:
947 4482 1054 4542 ἑκατόν
1071 4485 1123 4542 del.
1135 4486 1250 4554 Reiske3
1271 4481 1347 4544 όκτώ
1367 4481 1494 4544 τάλαντα
1506 4487 1579 4542 Plut„

326 4560 475 4625 infr‘aAi
491 4586 519 4640 p.
531 4573 618 4637 214‚1
690 4574 721 4625 16
738 4569 769 4628 δὲ
786 4572 882 4626 om.B
952 4574 984 4624 19
1002 4564 1043 4636 ὡς
1063 4566 1176 4644 Κράτης
1193 4571 1296 4629 Cobet:
1314 4568 1454 4645 ἐγκρατὴς
1470 4570 1532 4627 libri

328 4657 361 4708 22
379 4653 504 4710 lacunam
521 4654 663 4724 suppleam
679 4649 825 4727 ἐφυλάχθη
