4117 5617
504 561 546 621 78
988 566 1011 616 5.
1029 561 1273 618 EMPEDOCIAES

505 732 685 820 δημοτικόν
708 735 796 797 εἶναι
817 737 876 797 τάν
891 733 1006 822 ἄνδρα.
1054 739 1139 822 φησί
1161 739 1223 823 χάρ
1248 740 1302 799 ότι
1324 734 1466 822 κληθείς
1485 739 1555 799 ύπό
1578 758 1670 812 τινος
1692 746 1760 800 τῶν

505 839 684 923 ἀρχόντων,
718 840 765 912 ὡς
797 839 1045 922 προβαίνοντος
1078 847 1140 901 τοῦ
1170 843 1278 901 πότου
1301 841 1339 900 τὸ
1375 835 1513 902 δεῖπνον
1540 843 1597 902 ούκ
1626 843 1761 926 εἰσεφέ-

504 960 591 1025 ρετο,
621 947 687 1001 τῶν
712 933 770 1022 [δ’]
799 937 910 1001 ἄλλων
936 937 1179 1025 ήσυχαζόντων,
1207 943 1451 1026 μισοπονήρως
1484 937 1660 1017 διατεθείς
1690 945 1760 1004 ἐκέ-

505 1039 620 1104 λευσεν
649 1044 835 1127 εἰσφέρειν·
864 1043 883 1102 ό
906 1038 942 1104 δέ
969 1041 1135 1127 κεκληκὼς
1161 1044 1338 1121 ἀναμένειν
1366 1046 1433 1127 ἐφη
1461 1045 1519 1104 τὸν
1550 1051 1610 1128 τής
1634 1042 1760 1128 βουλῆς

467 1146 682 1229 ούπηρέτην.
728 1140 833 1218 ὡςδὲ
864 1149 1077 1229 παρεγένετο,
1100 1146 1245 1230 ἐγενήθη
1275 1145 1541 1228 συμποσίαρχος,
1564 1152 1627 1206 τού
1645 1143 1760 1223 κεκλη-

504 1249 606 1320 κότος·
626 1242 782 1329 δηλονότι
803 1247 1088 1329 καταστήσαντος,
1119 1248 1157 1322 ός
1178 1248 1395 1331 ὑπεγράφετο
1419 1242 1617 1331 τυραννίδος
1639 1247 1758 1331 ἀρχήν·

504 1346 654 1410 ἐκέλευσε
676 1349 738 1431 γάρ
761 1348 780 1431 ή
805 1348 917 1409 πίνειν
939 1348 958 1431 ή
981 1350 1209 1428 καταχεῖσθαι
1234 1356 1293 1434 τῆς
1314 1345 1471 1433 κεφαλῆς.
1517 1351 1594 1410 τότε
1615 1350 1676 1426 μέν
1700 1349 1759 1410 οὖν

505 1452 523 1511 ό
539 1447 762 1535 Ἐμπεδοκλῆς
775 1453 939 1534 ήσύχασε’
956 1458 1012 1535 τήι
1028 1443 1060 1513 δ’
1078 1451 1459 1539 ὑστεραίαν-εἰσαγαγὼν
1475 1451 1524 1524 εἰς
1541 1446 1759 1535 δικαστήριον

505 1555 680 1614 ἀπέκτεινε
702 1548 931 1627 καταδικάσας
953 1553 1178 1638 ἀμφοτέρους,
1207 1556 1265 1614 τόν
1288 1571 1324 1614 τε
1346 1549 1491 1637 κλήτορα
1514 1553 1571 1612 καί
1593 1553 1652 1613 τόν
1676 1568 1758 1628 συμ-

455 1662 483 1712 10
505 1656 703 1740 ποσίαρχον.
748 1655 829 1739 ἀρχή
858 1655 919 1732 μέν
942 1654 1000 1715 οὖν
1024 1657 1130 1716 αύτῶι
1152 1662 1211 1740 τῆς
1233 1651 1412 1728 πολιτείας
1433 1649 1501 1737 ήδε.
1589 1651 1695 1715 πάλιν
1719 1650 1755 1715 δέ
1769 1657 1812 1717 65

500 1749 668 1842 Ἄκρωνος
690 1763 752 1818 τοῦ
773 1757 892 1839 ἰατροῦ
913 1758 1021 1818 τόπον
1045 1758 1220 1831 αἰτοῦντος
1242 1757 1336 1841 παρὰ
1359 1763 1419 1840 τής
1440 1753 1563 1840 βουλῆς
1585 1758 1635 1831 εἰς
1657 1777 1759 1817 κατα-

506 1861 623 1945 σκευήν
645 1860 820 1942 πατρώιον
835 1859 1009 1942 μνήματος
1032 1853 1089 1919 διά
1112 1861 1171 1944 τήν
1194 1861 1228 1920 ἐν
1251 1863 1324 1932 τοῖς
1341 1861 1473 1942 ἰατροῖς
1487 1858 1654 1941 ἀκρότητα
1670 1877 1759 1941 παρ-

505 1958 618 2021 ελθὼν
634 1949 885 2045 όἘμπεδοκλής
901 1956 1056 2037 ἐκώλυσε,
1072 1961 1113 2021 τά
1130 1981 1165 2022 τε
1184 1958 1269 2022 ἅλλα
1286 1961 1366 2045 περί
1384 1962 1540 2044 ἰσότητος
1564 1955 1759 2039 διαλεχθείς

504 2063 562 2123 καί
584 2083 618 2124 τι
639 2062 696 2124 καί
729 2070 884 2124 τοιοῦτον
911 2063 1098 2148 ἐρωτήσας·
1131 2054 1183 2124 ‘cl
1213 2058 1249 2124 δέ
1272 2064 1510 2145 ἐπιγράψομεν
1540 2060 1705 2144 ἐλεγεῖον;
1737 2063 1756 2147 ἢ

454 2174 483 2223 15
504 2172 620 2239 τοῦτο,·
635 2166 761 2249 ἀκρον
777 2198 819 2206 -
835 2164 1070 2249 ἀκροτάτης
1087 2158 1134 2246 [ir.
1151 2155 1262 2246 157]’;
1284 2166 1372 2238 τινὲς
1389 2159 1424 2225 δέ
1440 2165 1499 2224 τόν
1515 2159 1670 2249 δεύτερον
1687 2166 1758 2226 στί-

503 2287 562 2345 χον
585 2269 672 2329 ούτω
697 2269 940 2351 προφέρονται,

631 2375 888 2469 εἀκροτάτης
910 2392 1093 2470 κορυφῆς
1115 2386 1271 2466 τύμβος
1293 2388 1418 2470 ἀκρος
1440 2381 1628 2464 κατέχει,’

505 2505 605 2564 τοῦτό
627 2523 716 2577 τινες
737 2500 927 2581 Σιμωνίδου
958 2506 1065 2590 φασὶν
1088 2504 1184 2566 εἶναι.
1272 2507 1412 2590 ὕστερον
1436 2493 1467 2566 δ’
1495 2506 1513 2565 ό
1533 2493 1758 2588 Ἐμπεδοκλῆς
1769 2503 1810 2564 66

504 2606 561 2666 καί
584 2606 622 2666 τὸ
639 2613 705 2667 τῶν
723 2603 842 2683 χιλίων
858 2606 1035 2690 ἄθροισμα
1051 2605 1210 2669 κατέλυσε
1228 2609 1395 2682 συνεστὼς
1410 2607 1469 2668 ἐπί
1484 2608 1541 2690 ἐτη
1558 2607 1645 2691 τρία,
1670 2608 1758 2667 ὥστε

453 2719 482 2768 20
505 2709 543 2769 ού
559 2710 663 2785 μόνον
685 2703 725 2791 ήν
740 2715 806 2769 τῶν
823 2705 1116 2801 πλουσίωνζάλλά
1132 2711 1270 2772 καὶτῶν
1292 2711 1333 2771 τά
1351 2706 1514 2793 δημοτικά
1531 2711 1756 2794 φρονούντων.

506 2812 525 2871 ό
547 2813 584 2890 χέ
606 2829 661 2870 τοι
685 2810 831 2887 Τίμαιος
853 2812 888 2871 ἐν
910 2818 967 2895 τήι
989 2832 1024 2873 ια
1048 2812 1105 2872 καί
1131 2795 1299 2894 Zp‘ffHG
1320 2805 1388 2893 om]
1414 2808 1591 2887 (πολλάκις
1612 2811 1675 2894 γάρ
1700 2812 1758 2871 αύ-

505 2920 567 2974 τοῦ
586 2912 798 2996 μνημονεύει)
829 2914 935 2997 φησὶν
961 2915 1117 2975 ἐναντίαν
1145 2916 1320 2998 ἐσχηκέναι
1346 2916 1479 2997 χνώμην
1508 2915 1610 2974 αὐτὸν
1643 2920 1700 2997 τήν
1722 2931 1759 2974 τε

505 3012 679 3077 πολιτείαν
704 3035 790 3073 *a*
816 3015 1022 3099 φαίνεσθαι·
1047 3018 1134 3077 ὅπου
1159 3012 1194 3077 δέ
1210 3011 1356 3092 ἀλαζόνα
1380 3017 1436 3077 καί
1457 3013 1621 3100 φίλαυτον
1644 3017 1679 3075 ἐν
1702 3022 1759 3099 τήν

505 3118 658 3202 ποιήσει·
676 3118 763 3202 φησί
777 3125 870 3199 χοῦν·
891 3108 1063 3202 (χαίρετ’
1082 3153 1125 3160 -
1140 3108 1369 3195 πωλεύμαι’
1396 3119 1452 3178 καί
1475 3118 1515 3178 τά
1532 3113 1608 3202 ἐξής
1625 3110 1674 3198 [fr.
1687 3117 1757 3188 112,

453 3229 482 3278 15
503 3219 533 3280 4.
548 3213 590 3301 5].
628 3217 715 3280 καθ’
728 3219 765 3280 δν
781 3216 817 3281 δὲ
831 3222 951 3305 χρόνον
966 3215 1130 3303 ἐπεδήμει
1141 3211 1376 3297 Ὀλυμπίασιν,
1392 3222 1605 3305 ἐπιστροφῆς
1620 3215 1757 3302 ήξιοάτο

505 3320 673 3397 πλείονος,
696 3323 783 3383 ὥστε
805 3318 949 3406 μηδενὸς
964 3325 1079 3407 ἐτέρου
1102 3323 1220 3399 μνείαν
1235 3322 1438 3404 χίχνεσσθαι
1459 3324 1494 3384 ἐν
1514 3325 1590 3395 ταῖς
1606 3317 1758 3398 όμιλίαις

504 3426 671 3507 τοσαύτην
694 3426 776 3507 όσην
796 3416 1064 3502 Ἐμπεδοκλέους.
1153 3426 1293 3509 ύστερον
1314 3428 1432 3502 μέντοι
1454 3431 1515 3486 τού
1532 3417 1757 3506 Ἀκράγαντος
1768 3429 1809 3490 67

608 3662 623 3711 2
643 3661 695 3713 τοῦ
715 3655 810 3713 πότου
827 3656 863 3713 ιδ
885 3661 1001 3713 δεῖπνον
1017 3657 1078 3710 BP:
1097 3660 1150 3713 τοῦ
1170 3660 1286 3712 δείπνου
1306 3653 1341 3713 ιδ
1364 3653 1497 3714 ποτδνΡ
1553 3649 1601 3720 ὡς]
1624 3657 1673 3711 καί
1694 3653 1760 3709 libri

505 3746 520 3796 3
539 3733 566 3797 δ’
584 3741 637 3796 del.
657 3740 747 3797 Cobet
816 3746 847 3796 10
867 3735 956 3799 αύτάι
976 3741 1222 3797 Aldobrandinus:
1243 3733 1312 3814 αύτή
1331 3742 1386 3807 (vel
1409 3735 1480 3812 αύτῆ
1496 3740 1543 3797 vel
1562 3733 1642 3807 αὕτη)
1659 3739 1724 3795 libri

503 3817 552 3896 ήόε
570 3826 659 3881 omi*
728 3829 760 3880 14
778 3846 804 3882 τι
820 3825 882 3880 BP:
902 3817 986 3882 3th
1057 3829 1088 3881 18
1107 3830 1213 3883 τοῦτον
1230 3826 1266 3881 1³²
1335 3831 1366 3881 19
1383 3824 1518 3898 χιλιάδων
1535 3825 1571 3892 F3
1589 3824 1704 3880 similla
1722 3825 1760 3879 ci·

504 3911 582 3967 vium
602 3911 728 3980 potentia
750 3910 823 3965 illico
845 3917 911 3980 post
926 3911 1096 3984 Thuasydaei
1121 3911 1225 3967 cladem
1243 3916 1292 3976 (ca
1309 3914 1370 3976 470)
1391 3910 1517 3965 instituta
1541 3915 1614 3965 esset
1636 3908 1758 3978 (dequo

505 3996 625 4052 dubitari
636 4002 729 4065 potest
739 4002 852 4065 propter
867 3997 952 4052 Diod.
964 3996 1006 4050 XI
1016 4001 1057 4062 53,
1068 4001 1082 4050 5
1095 3998 1308 4067 δημοκρατίαν),
1326 3996 1521 4065 Empedoclem
1533 4010 1573 4050 ca.
1585 3999 1635 4049 467
1648 3995 1759 4064 plenam

503 4080 657 4138 libertatem
680 4083 803 4137 amulium
825 4082 955 4139 credibile
977 4088 1057 4137 esset„
1093 4087 1123 4136 at
1144 4081 1167 4136 si
1189 4081 1294 4137 Timaei
1315 4081 1383 4138 haec
1404 4089 1532 4151 excerpta
1553 4096 1615 4135 oum
1632 4079 1759 4136 Neanthe

504 4168 529 4235 (5
542 4171 585 4233 12)
603 4183 761 4237 componas,
779 4167 896 4222 conicias
913 4167 1107 4223 democratiam
1124 4166 1263 4222 aMetonc
1279 4166 1418 4222 conditam
1435 4170 1500 4234 post
1517 4165 1576 4220 eius
1587 4171 1704 4220 mortem
1722 4164 1757 4220 ab

504 4252 650 4323 oligarchis
667 4268 827 4321 reprensum,
850 4260 909 4306 tum
931 4251 967 4308 ab
984 4252 1152 4321 Empedocle
1174 4252 1352 4308 instauratam
1375 4266 1435 4306 esse
1504 4248 1652 4307 ἀιέλυσεΒ

506 4344 536 4394 19
556 4334 727 4403 σννεστδςΒ
797 4342 829 4392 21
847 4325 885 4395 ιά-
889 4343 938 4395 καί
950 4326 988 4410 αἶ
991 4337 1108 4393 Beloch:
1126 4333 1236 4409 πρωτην
1247 4339 1296 4393 καί
1307 4335 1437 4407 όευιέραι
1447 4334 1511 4391 libri
1563 4324 1759 4392 condatino

506 4430 537 4480 22
557 4429 601 4494 τῆι
619 4445 650 4482 τε
667 4425 810 4481 πολιτείαν
822 4425 979 4495 φαίνεσθαι
997 4439 1050 4479 om.
1063 4423 1098 4490 F3
1117 4423 1241 4478 lacunam
1252 4421 1375 4492 signavit
1386 4419 1606 4488 sententiamque
1618 4419 1760 4490 supplevit

504 4510 616 4576 Reiske,
633 4526 713 4578 quem
731 4509 761 4564 in
772 4508 930 4564 universum
942 4514 1052 4564 secutus
1068 4523 1195 4577 propono
1212 4505 1361 4579 ἐσχηκέναι
1379 4503 1494 4578 γνώμην
1507 4497 1597 4563 αὐτὸν
1614 4501 1646 4562 ἐν
1663 4524 1695 4562 τε
1713 4507 1759 4575 τῆι

506 4599 646 4652 πολιτεῖαι
663 4597 728 4663 <καί
745 4591 778 4651 ἐν
795 4597 840 4664 τῆι
851 4591 978 4663 ποιήσει·
998 4585 1074 4649 ὅπου
1090 4592 1144 4660 μὲν
1160 4587 1216 4663 γὰρ
1234 4592 1353 4662 μέτριον
1370 4593 1419 4647 καί
1429 4587 1539 4662 ἐπιεικῆ
1556 4587 1598 4656 [ἐν
1616 4593 1660 4661 τῆι
1678 4595 1759 4646 πολι-

505 4679 609 4747 τείαι])
626 4681 781 4752 φαίνεσθαι
800 4669 875 4734 ὅπου
892 4669 919 4732 δ’
937 4673 1068 4744 ἀλαζόνα
1079 4680 1129 4733 καί
1141 4679 1281 4749 φίλαυτον
1299 4673 1339 4741 [ἐν
1357 4679 1401 4747 τῆι
1419 4670 1539 4746 ποιήσει]
