4117 5617
498 579 538 635 A.
550 579 650 635 EST.
662 580 734 636 VIT.
755 586 777 636 1.
795 581 904 648 (DIOG.
921 584 963 638 IX
977 587 1121 649 110-115)
1157 588 1181 637 2.
1199 579 1490 647 (ARISTOOL.1-3)
1571 576 1630 636 175

376 767 450 814 ναι·
474 750 621 838 έλθόντα
645 774 681 816 τε
704 745 762 839 ἐφ’
788 760 956 841 ημισείας,
984 761 1092 835 οὕτως
1115 760 1223 841 εὑρεῖν
1245 757 1283 817 τὸ
1308 757 1523 833 ἀπόσπασμα
1547 759 1632 828 τέως

377 855 571 936 ἀγνοοῦντα.
616 864 779 919 τοσοῦτον
806 855 847 943 ἦν
874 856 1076 947 ἀδιάφορος,
1121 858 1205 921 ἀλλά
1236 861 1293 921 καί
1322 859 1449 944 εόρους,
1478 859 1525 932 ώς
1547 846 1628 936 μηδ’
1742 927 1744 933 ,

377 957 521 1039 ἀριστᾶν
552 963 752 1041 συγχρονεῖν.
799 961 887 1044 φασί
910 957 946 1023 ἀὲ
970 965 1071 1024 αὐτόν
1093 953 1312 1047 Ἀρκεσίλαον
1334 962 1550 1038 θεασάμενον
1574 956 1630 1021 όιά

377 1066 444 1120 τῶν
460 1061 656 1144 Κερκώπων
680 1063 774 1123 ἰόντα
796 1064 922 1125 εἰπεῖν·
942 1056 997 1126 <τί
1013 1066 1053 1127 σύ
1072 1061 1180 1147 δεῦρο,
1203 1065 1356 1146 ένθαπερ
1373 1066 1470 1146 ημεῖς
1493 1064 1528 1123 οἱ
1543 1059 1631 1123 έλεό-

337 1170 354 1220 5
377 1149 503 1246 θεροι,·’
532 1167 663 1241 συνεχές
686 1185 722 1226 τε
738 1163 907 1248 ἐπιλέγειν
923 1168 1045 1229 εἰώθει
1067 1168 1155 1251 πρός
1177 1167 1256 1239 τούς
1272 1165 1333 1238 τάς
1349 1165 1532 1248 αἰσθήσεις
1554 1152 1629 1241 μετ’

378 1266 689 1349 ἐπιμαρτυροῦντος
711 1275 774 1329 τοῦ
793 1276 854 1330 νοῦ
874 1271 1100 1354 ἐγκρίνοντας

527 1358 715 1453 (συνῆλθεν
738 1372 885 1453 ἀτταγᾶς
907 1373 1022 1433 τεκαὶ
1045 1361 1250 1454 νουμήνιος’.

378 1470 500 1531 εἰώθει
515 1465 552 1530 ἀί
574 1471 631 1530 καὶ
651 1466 786 1547 παίζειν
808 1482 958 1536 τοιαῦτα.
1004 1477 1092 1559 πρὸς
1115 1473 1173 1535 οόν
1195 1473 1254 1533 τόν
1276 1467 1495 1550 θαυμάζοντα
1519 1474 1631 1533 πάντα

378 1573 460 1655 ἔφη·
481 1561 535 1632 ίτί
558 1562 590 1632 δ’
611 1574 648 1634 οά
665 1569 854 1651 θαυμάζεις
877 1578 931 1637 ότι
953 1582 1044 1660 τρεῖς
1068 1578 1162 1652 όντες
1177 1580 1340 1660 τέτταρας
1362 1576 1480 1652 έχομεν
1497 1572 1632 1661 ὀφθαλ-

329 1681 354 1731 [0
375 1663 497 1750 μυός’;
517 1668 558 1756 ἦν
581 1669 617 1735 ἀὲ
634 1677 735 1749 αάτός
757 1697 794 1738 τε
809 1676 1071 1763 ἑτερόφθαλμος
1092 1680 1149 1740 καί
1172 1673 1455 1760 όΛιοσκονρίάης
1471 1678 1632 1762 μαθητὴς

378 1776 498 1850 αὐτοῦ,
525 1776 583 1836 καί
613 1777 632 1836 ό
659 1779 749 1859 πρός
777 1779 815 1840 όν
841 1777 951 1862 έλεγεν
979 1783 1083 1865 όγιης.
1171 1781 1360 1864 έρωτηθείς
1389 1775 1426 1840 ἀέ
1454 1799 1540 1841 ποτε
1561 1781 1630 1840 ἀπό
1656 1769 1718 1831 115

374 1867 592 1959 Ἀρκεσιλάου
618 1874 675 1940 ἀιά
698 1881 733 1941 τί
754 1883 879 1966 παρείη
903 1884 938 1944 έκ
963 1882 1095 1966 Θηβῶν,
1125 1870 1212 1967 ἔφη(
1230 1874 1299 1944 ςἵν’
1323 1883 1411 1960 ὑμᾶς
1434 1883 1631 1944 ἀναπεπτα-

377 1982 498 2056 μένους
525 1980 613 2063 όρῶν
642 1973 753 2062 γελῶ.’
801 1985 893 2061 όμως
921 1980 957 2045 ἀὲ
983 1974 1249 2063 καθαπτόμενος
1277 1991 1340 2044 τοῦ
1356 1975 1573 2066 Ἀρκεσιλάου
1597 1985 1632 2045 έν

379 2084 454 2154 τοῖς
482 2078 620 2157 Σίλλοις
654 2084 828 2166 έπήινεκεν
861 2087 962 2148 αὐτὸν
990 2088 1025 2148 έν
1052 2095 1116 2148 τῶι
1145 2088 1426 2171 έπιγραφομένωι
1444 2074 1631 2169 Ἀρκεσι-

329 2190 354 2240 [5
379 2179 479 2243 λάου
507 2181 809 2267 περιόείπνωι.

483 2354 498 2403 3
517 2359 686 2422 συγχρονεῖν
697 2351 755 2404 PF:
774 2363 931 2425 συγχωρεῖν
942 2355 974 2408 Β.
1009 2354 1114 2409 conicio
1134 2348 1252 2424 ουχνόνι
1277 2356 1415 2422 tantopere
1437 2351 1560 2421 ἰίαιόανιί
1574 2369 1632 2406 ver-

378 2450 426 2488 ειιε
442 2433 492 2502 illi,
516 2438 649 2504 τίσαιμι
669 2436 785 2504 prandii
807 2437 1006 2492 οόίἰυίεοενιόιιν
1074 2443 1090 2493 4
1108 2439 1137 2493 in
1161 2431 1331 2507 Κερκώπων
1353 2431 1467 2510 ἀγοράι,
1485 2438 1534 2494 ubi
1552 2437 1633 2495 Silius

379 2525 409 2574 et
425 2519 562 2575 Tliballus
579 2526 703 2590 regnant,
720 2521 845 2578 'limonis
867 2530 910 2578 εει
925 2523 1039 2593 perfecti
1056 2523 1167 2593 sceptici
1190 2524 1275 2589 locus,
1297 2540 1354 2579 non
1370 2523 1506 2579 Arcesilai
1524 2523 1559 2579 de
1577 2539 1632 2592 quo

378 2603 412 2658 fr.
426 2608 527 2659 31-34
574 2610 589 2660 6
601 2604 787 2676 έκκρίνοντας
798 2607 821 2660 Β
884 2601 1020 2663 τιεικωω
1031 2611 1058 2662 et
1067 2624 1142 2662 νυινω
1153 2608 1230 2677 fussee
1240 2607 1411 2676 furacissimi
1421 2625 1449 2663 εε
1459 2600 1598 2678 ἀναγκαῖ’.

381 2694 413 2743 10
432 2709 464 2746 τε
476 2690 566 2745 om.B
636 2696 667 2746 11
685 2687 742 2749 ὑπό
756 2691 843 2749 τοῦθ’
913 2697 944 2747 12
963 2687 1102 2763 παρὴειΡ
1148 2685 1405 2762 ἀναπεπταμένους
1416 2697 1530 2764 apertos,
1550 2693 1633 2747 detec-

380 2778 422 2829 ἰοε
433 2773 483 2829 vix
495 2776 619 2844 quadrat
637 2794 672 2831 an
690 2774 899 2846 ἀνικταμένους
916 2778 1052 2833 evolantes
1069 2784 1101 2832 ut
1115 2777 1258 2847 palumbes
1274 2780 1338 2834 viso
1350 2778 1477 2834 vulture?
1496 2773 1633 2834 ἀνατετα-

378 2858 483 2929 μένους
501 2861 630 2915 concitatos
647 2862 756 2917 Wilam.
828 2866 858 2916 13
877 2866 931 2919 τοῦ
946 2863 1029 2916 BPF:
1049 2879 1102 2918 om.
1120 2862 1207 2931 vulgo

483 3172 507 3222 2.
525 3168 571 3222 Ex
587 3169 753 3224 Amsrocus
770 3170 946 3239 Pen‘patetici
964 3174 1036 3245 Περὶ
1047 3171 1223 3242 φιλοσοφίας
1241 3170 1315 3235 [Ευε.
1326 3170 1358 3224 Ρ.
1370 3171 1403 3225 Ε.
1414 3169 1482 3226 XIV
1496 3175 1632 3237 18,1-30

379 3247 462 3324 Πρὸς
482 3251 551 3319 τούς
571 3251 646 3312 κατά
669 3255 811 3326 Πύρρωνα
830 3252 1008 3322 Σκεπτικοάς
1024 3251 1043 3327 ἢ
1059 3259 1109 3312 καί
1127 3249 1306 3327 Ἐφεκτικοάς
1329 3253 1532 3327 έπικληθὲντας
1548 3257 1634 3330 μηδὲν

378 3337 566 3409 καταληπτόν
584 3335 655 3396 εἰναι
674 3332 922 3410 ἀποφηναμένους.
956 3341 990 3397 έκ
1007 3344 1060 3398 τοῦ
1076 3335 1304 3410 Ἄριστοκλέονς].

468 3482 657 3564 ἀναγκαίως
680 3473 714 3544 δ’
732 3485 801 3561 ἔχει
822 3485 891 3567 πρό
915 3487 1044 3559 παντός
1060 3481 1321 3565 διασκέψασθαι
1343 3485 1501 3568 περὶτῆς
1524 3486 1633 3548 αὐτῶν
1657 3486 1674 3546 1

379 3587 475 3668 ημών
497 3587 666 3666 γνώσεως·
697 3587 728 3647 εἰ
749 3587 811 3670 γάρ
842 3587 939 3648 αὐτοὶ
967 3583 1072 3671 μηδὲν
1099 3588 1297 3670 πεφύκαμεν
1325 3581 1508 3669 γνωρίζειν,
1538 3584 1634 3650 οὐδὲν

379 3688 432 3747 ἔτι
448 3682 505 3747 ἀεῖ
515 3688 596 3773 περί
611 3694 678 3749 τῶν
694 3685 805 3749 ἀλλων
823 3692 971 3750 σκοπεῖν.
1049 3688 1200 3769 έγένοντο
1219 3689 1280 3764 μὲν
1296 3686 1354 3748 οόν
1369 3688 1426 3748 καί
1441 3696 1508 3750 τῶν
1524 3686 1634 3751 πάλαι
1656 3690 1675 3749 2

379 3789 471 3863 τινὲς
493 3790 527 3850 οἱ
550 3789 693 3874 ἀφέντες
722 3786 820 3874 τήνάε
848 3792 907 3876 τήν
938 3791 1064 3874 φωνήν,
1095 3789 1147 3864 οίς
1176 3789 1368 3873 ἀντείρηκεν
1387 3785 1632 3874 Ἀριστοτέλης.

337 3899 354 3948 5
380 3889 496 3968 ἴσχυσε
523 3896 641 3969 μέντοι
667 3900 807 3953 τοιαῦτα
836 3890 940 3974 λέγων
967 3894 1024 3953 καὶ
1046 3893 1192 3976 Πύρρων
1221 3882 1405 3966 όἨλεῖος·
1431 3883 1506 3953 ἀλλ’
1533 3894 1634 3967 αάτός

378 3994 441 4070 μὲν
464 3989 561 4055 οάἀὲν
589 3996 624 4056 ἐν
646 4001 776 4079 γραφηι
803 3992 1058 4070 καταλέλοιπεν,
1088 3994 1107 4053 ό
1136 3989 1172 4055 ἀὲ
1200 3994 1361 4079 μαθητὴς
1390 3996 1496 4055 αὐτοῦ
1518 3996 1634 4072 Τίμων

380 4097 469 4181 φησί
491 4092 562 4158 ἀεῖν
589 4098 648 4158 τόν
676 4093 851 4184 μέλλοντα.
872 4092 1128 4180 εάἀαιμονησειν
1157 4097 1206 4170 εἰς
1234 4096 1312 4178 τρία
1342 4102 1446 4157 ταῦτα
1476 4093 1632 4176 βλέπειν·

379 4206 519 4283 πρῶτον
546 4201 607 4277 μὲν
636 4200 742 4261 όποῖα
771 4203 902 4282 πέφυκε
931 4198 972 4259 τά
1001 4199 1194 4282 πράγματα,
1225 4192 1380 4280 δεύτερον
1410 4193 1446 4258 ἀὲ
1476 4199 1550 4259 τίνα
1571 4198 1632 4282 χρὴ

379 4304 510 4386 τρόπον
532 4304 622 4385 ημᾶς
651 4302 739 4386 πρὸς
766 4302 849 4362 αὐτὰ
878 4297 1087 4377 διακεῖσθαι,
1117 4297 1309 4361 τελευταῖον
1338 4295 1375 4360 ἀί
1398 4300 1432 4360 τί
1454 4301 1634 4383 περιέσται

329 4413 356 4463 [0
379 4407 454 4476 τοῖς
477 4405 585 4477 οὕτως
600 4405 724 4481 έχουσι.
812 4404 853 4463 τά
876 4404 936 4480 μὲν
960 4401 1017 4463 οόν
1033 4402 1215 4485 πράγματά
1241 4417 1345 4485 φησιν
1361 4402 1463 4462 αὐτὸν
1479 4401 1632 4484 ἀποφαί-
1656 4401 1675 4460 3

484 4592 499 4642 2
519 4580 600 4658 ἧμοῖν
618 4562 715 4643 αὐτῶν
731 4585 770 4639 ΒΙ
856 4579 939 4642 αάτοί
956 4584 1052 4652 scripsi
1070 4582 1104 4637 cf.
1122 4584 1196 4650 §102
1215 4572 1252 4639 αὖ
1269 4581 1331 4637 libri
1434 4586 1449 4635 3
1467 4584 1526 4638 δεῖν
1544 4579 1593 4637 OG

380 4677 394 4726 7
416 4673 495 4742 φησί]
513 4671 630 4726 fortasse
647 4671 677 4724 in
694 4670 764 4725 libro
783 4670 903 4738 quodam
915 4672 987 4742 Περὶ
1004 4660 1194 4736 εὐδαιμονίας,
1211 4667 1288 4722 cuius
1305 4666 1409 4722 nullum
1426 4667 1576 4736 vestigium
1592 4682 1634 4722 re·

378 4757 493 4826 liquum.
518 4763 548 4811 at
558 4756 632 4810 idem
644 4755 736 4824 potuit
748 4755 829 4809 otiam
841 4754 871 4807 in
882 4751 960 4808 libris
969 4751 1051 4826 Πρός
1062 4748 1131 4818 τούς
1143 4751 1278 4824 φυσικούς
1290 4758 1319 4807 et
1329 4755 1399 4823 Περὶ
1408 4747 1572 4810 αἰσθίσεων
1580 4751 1633 4806 dici
