4117 5617
491 570 530 628 96
634 486 647 542 t
971 568 995 618 5.
1013 560 1256 618 EMPEDOCLES

489 730 624 811 κειότερα
642 732 797 809 [ὑγρότερα
804 736 827 801 ἳ]
845 735 885 802 εἰς
902 729 937 792 τὸ
955 724 1033 804 ύδωρ
1050 729 1102 806 τὴν
1120 726 1212 803 ὁρμὴν
1229 725 1312 801 ἔχειν,
1332 729 1367 787 τά
1385 728 1416 786 δε
1432 721 1510 794 εἰς’
1491 727 1564 830 αέρα
1584 721 1747 792 [ἀναπνεῖν]

482 813 586 883 46*
566 843 603 882 αν
620 825 750 895 πυρῶδες
766 817 862 893 ἔχη
833 840 869 877 το
888 819 990 884 πλέον,
1015 814 1099 875 τάδέ
1115 813 1263 890 βαρύτερα
1281 810 1373 872 ἐπὶ
1345 834 1397 886 την
1413 817 1479 886 γῆν,
1502 813 1538 870 τὰ
1557 812 1588 869 δέ
1605 807 1747 884 ἰσόμοιρα

491 914 537 981 τῆι
562 903 663 979 κράσει
689 910 760 963 πᾶσι
786 914 848 971 τοῖς
881 902 992 976 θώραξι
1018 901 1217 974 πεφωνηκέναι
1243 906 1315 966 [τοῖς
1334 899 1456 971 χωρίοις
1477 889 1617 969 σύμφωνα
1640 891 1749 960 εἶναιί]

490 995 643 1051 Οτιιεοιιιιι.
661 997 686 1057 4,
704 997 719 1045 7
745 990 782 1045 Ε.
808 994 900 1046 autem
926 988 1029 1060 οφνορίο
1055 1003 1105 1042 ευο
1131 985 1286 1040 carmine.
1304 983 1415 1038 ..tale
1438 981 1571 1052 quiddam
1593 979 1749 1048 confimat.

455 1085 470 1135 5
487 1079 581 1150 φιῦιυο
603 1076 726 1133 membra
744 1076 855 1146 είκφνίο
872 1092 906 1130 ου
923 1079 997 1130 terra
1013 1089 1095 1168 φασιν
1088 1072 1259 1142 ρνοοφααδο
1271 1024 1380 1140 φάεεῦιιι
1397 1068 1482 1135 edita,
1507 1066 1605 1122 deinde
1622 1065 1705 1121 coisse
1723 1067 1752 1120 et

491 1164 614 1234 effecisse
636 1161 720 1217 εοίῦδι·
742 1160 861 1215 hominis
882 1159 1028 1214 νιοδατοια
1048 1156 1108 1227 iqui
1130 1156 1365 1211 ἀναπλάττουσιν
1357 1152 1547 1223 permixtam
1565 1151 1609 1218 [cf.
1621 1152 1750 1206 Pannen.

491 1249 522 1304 A
539 1253 591 1314 51]-
630 1247 718 1304 Varro
735 1245 879 1300 Eumenia.
895 1252 947 1300 sat„
963 1244 997 1298 fr.
1014 1247 1047 1298 27
1074 1240 1160 1296 Βΐιοίι.
1182 1239 1218 1295 Ε,
1244 1242 1325 1294 ποίου
1347 1238 1468 1294 hommes
1494 1254 1528 1292 ατ
1550 1241 1624 1292 δοντα
1649 1236 1693 1290 ait
1716 1237 1753 1290 αδ

493 1334 590 1389 blitum
602 1332 647 1399 (cf.
654 1333 719 1387 Luc.
727 1329 930 1399 Philopseud.3
948 1325 1016 1393 τοῦς
1027 1322 1163 1400 πρώτους
1174 1319 1348 1398 ἀνθρώπους
1359 1322 1393 1381 ἐκ
1407 1327 1455 1394 τῆς
1466 1317 1590 1393 Ἀττικῆς
1601 1315 1752 1392 ἀναφῦναι

491 1413 627 1486 καθάπερ
645 1411 681 1473 τόι
699 1411 812 1485 λάχανα
830 1421 859 1469 ot
877 1413 1018 1470 Consonl.
1033 1428 1056 1468 ο.
1068 1412 1084 1479 ξ
1098 1415 1128 1464 11
1140 1413 1220 1480 ειμι).

442 1549 470 1600 ιο
593 1547 635 1597 τε.
656 1542 757 1597 Αιιιει.
774 1539 1068 1611 ιιιρωτωιωιιι.
1081 1542 1185 1593 54525
1208 1536 1255 1602 [ef.
1272 1529 1663 1607 ρ55ιτ5ιιέυιοιγᾱριᾰ
1689 1527 1753 1590 ἔνυ-

492 1633 546 1702 δρα
563 1631 623 1685 τῶν
644 1629 741 1696 πεζῶν
757 1621 924 1699 θερμότερά
946 1642 1035 1693 φασιν
1057 1617 1130 1679 εἶναι
1149 1615 1321 1695 λέγοντεςζ
1299 1642 1339 1688 ως
1356 1615 1535 1678 έπανισοῑ
1509 1640 1560 1692 την
1578 1613 1751 1691 ψυχρότητα

492 1718 545 1771 τοῦ
562 1709 656 1770 τόπου
671 1735 688 1783 η
706 1715 756 1783 τῆς
772 1709 886 1781 φύσεως
903 1702 1000 1767 αύτῶν
1016 1703 1164 1782 θερμότης
1180 1709 1229 1765 καί
1246 1704 1282 1764 τά
1302 1702 1411 1776 ἀναιμα
1428 1709 1489 1762 τῶν
1505 1703 1633 1773 ἐναίμων
1649 1706 1699 1761 καί
1711 1699 1749 1762 τότ

491 1794 582 1869 θήλεα
604 1797 666 1854 τῶν
684 1789 829 1870 ἀρρένων,
853 1789 919 1852 οἷον
936 1795 1116 1869 Παρμενίδης
1132 1789 1185 1859 τόις
1201 1801 1339 1864 γυναῖκας
1356 1794 1416 1848 τῶν
1432 1783 1548 1861 ἀνδρῶν
1565 1789 1752 1864 θερμοτέρας

496 1878 570 1940 εἶναί
559 1885 660 1954 [φησι
681 1883 731 1938 καί
753 1876 852 1953 έτεροί
873 1899 962 1948 τινες,
985 1872 1026 1945 ώς
1043 1876 1088 1935 διά
1107 1897 1159 1948 την
1175 1872 1342 1950 θερμότητα
1359 1879 1408 1933 καὶ
1427 1870 1655 1944 πολυαιμούσαις
1672 1894 1753 1945 γινο·

443 1974 472 2024 15
492 1967 588 2038 μένων
605 1969 665 2023 τῶν
681 1967 859 2037 γυναικείων,
881 1956 917 2020 Ἐ
936 1964 966 2022 δέ
983 1958 1162 2021 τούναντίον.
1192 1962 1293 2018 Αιιιετ.
1305 1962 1341 2018 do
1359 1978 1429 2030 resp.
1444 1965 1484 2017 14.
1496 1964 1601 2016 477·θ2
1619 1951 1656 2018 Ἐ.
1674 1952 1702 2017 δ
1715 1955 1753 2019 ού

492 2056 588 2118 καλῶς
604 2045 685 2110 τοῦτ’
704 2047 799 2154 εἴρηκε
815 2047 937 2121 φάσκων
954 2044 990 2106 τὰ
1002 2043 1194 2190 θερμόταταέ
1185 2051 1234 2105 καί
1245 2051 1303 2119 πῦρ
1316 2042 1420 2118 έχοντα
1433 2051 1570 2103 πλεῖστον
1582 2049 1642 2102 τῶν
1653 2041 1753 2114 ζώιων

493 2132 594 2209 ένυδρα
613 2131 686 2193 εἶναι
703 2135 849 2207 φεύγοντα
866 2152 920 2205 την
935 2128 1103 2207 ύπερβολην
1118 2136 1168 2204 τῆς
1179 2129 1267 2205 ἐντηι
1278 2128 1360 2204 φύσει
1374 2129 1565 2203 θερμότητος.
1595 2130 1752 2186 Tuom.

493 2237 566 2276 caus,
582 2221 620 2292 pl.
636 2221 650 2276 I
666 2223 708 2286 21,
726 2223 740 2273 5
763 2210 863 2290 ώσπερ
885 2221 935 2276 καὶ
956 2212 992 2274 Ἐ.
1015 2218 1090 2290 λέγει
1111 2221 1176 2292 περὶ
1193 2221 1254 2274 τῶν
1270 2214 1376 2287 ζώιων·
1399 2216 1436 2276 τά
1453 2215 1510 2289 γάρ
1527 2211 1680 2288 ύπέρπυρα
1697 2212 1753 2288 τὴν

493 2297 579 2377 φύσιν
596 2300 678 2376 ἄγειν
695 2304 736 2369 είς
753 2300 788 2360 τὸ
808 2298 899 2376 ύγρόν
916 2301 960 2367 [cf.
972 2306 1014 2367 22,
1026 2305 1061 2367 21.

443 2441 473 2491 20
498 2484 501 2489 ,
596 2436 638 2485 74.
655 2428 982 2496 Am.1v22,1[1).4111
1004 2421 1040 2485 Ἐ.
1063 2427 1116 2499 την
1138 2426 1256 2502 πρώτην
1277 2423 1427 2502 ἀναπνοήν
1451 2433 1504 2487 τοῦ
1525 2425 1645 2500 πρώτου
1661 2431 1755 2501 ζώιου

495 2520 542 2579 [so.
559 2515 589 2569 in
611 2515 792 2584 cosmogonia
813 2514 849 2571 ef.
865 2515 929 2579 V'I,
944 2517 967 2578 1]
991 2513 1128 2586 γενέσθαι
1150 2517 1200 2585 τῆς
1222 2514 1308 2585 (μέν)
1325 2513 1437 2580 ἐντοῖς
1452 2515 1593 2589 βρέφεσιν
1609 2509 1754 2588 ῦγρασίας

495 2596 684 2671 ἀποχώρησιν
705 2599 921 2670 λαμβανούσης,
942 2597 1020 2672 πρός
1042 2599 1072 2656 δέ
1094 2597 1128 2656 τό
1155 2599 1364 2672 παρακενωθὲν
1385 2596 1538 2657 ἐπεισόδου
1556 2604 1615 2673 [τῆς
1631 2595 1752 2668 έξωθεν]

495 2689 549 2743 τοῦ
565 2680 651 2751 ἐκτὸς
668 2679 814 2755 ἀερώδους
830 2683 980 2756 γινομένης
997 2683 1038 2750 εἰς
1055 2678 1091 2742 τὰ
1109 2685 1344 2756 παρανοιχθέντα
1362 2688 1421 2741 τῶν
1432 2678 1570 2757 ἀγγείων·
1588 2681 1623 2742 τὸ
1636 2687 1667 2744 δέ
1678 2682 1754 2756 μετὰ

497 2775 584 2828 τοῦτο
602 2767 654 2842 ἤδη
671 2773 724 2827 τοῦ
740 2765 869 2839 ἐμφύτου
884 2772 998 2840 θερμοῦ
1015 2773 1060 2839 τῆι
1077 2765 1153 2839 πρός
1164 2764 1199 2826 τὸ
1211 2767 1297 2836 ἐκτὸς
1310 2763 1395 2842 όρμῆι
1407 2765 1442 2826 τὸ
1457 2768 1583 2843 ἀερῶδες
1593 2766 1754 2831 ύπαναθλί-

444 2863 474 2914 25
494 2861 602 2928 βοντος
618 2852 672 2926 τὴν
689 2851 828 2922 ἐκπνοήν,
850 2856 895 2924 τῆι
914 2845 941 2909 δ’
960 2852 1001 2919 είς
1017 2853 1052 2910 τό
1075 2849 1159 2920 ἐντὸς
1176 2849 1271 2920 [ἐκτός
1286 2854 1362 2910 libfi:
1386 2871 1455 2910 οοιι.
1469 2854 1661 2922 Βοτιιιιᾱείιὶε]
1682 2850 1756 2916 ἀνθ-

495 2935 677 3012 υποχωρήσει
700 2943 753 2995 τῶι
775 2932 896 3009 ἀερώδει
919 2934 970 3009 την
991 2932 1198 2996 ἀντεπείσοδον
1215 2938 1417 3012 παρεχομένου
1443 2935 1495 3010 τὴν
1521 2937 1666 3013 εἰσπνοήν.
1701 2941 1755 3015 τὴν

496 3025 526 3082 δέ
548 3028 598 3082 νῦν
619 3023 801 3098 κατέχουσαν
822 3022 986 3096 φερομένου
1007 3027 1061 3080 τοῦ
1083 3019 1205 3093 αἵματος
1227 3018 1266 3090 ὡς
1289 3023 1365 3096 πρός
1388 3023 1440 3098 την
1461 3022 1631 3096 ἐπιφάνειαν
1648 3032 1697 3085 καί
1716 3028 1752 3086 τό

496 3103 621 3178 ἀερῶδες
639 3104 684 3167 διὰ
702 3113 762 3165 τῶν
779 3107 868 3182 ῥινῶν
884 3117 948 3175 ταῖς
965 3109 1069 3166 ἑαυτοῦ
1086 3106 1247 3181 ἐπιρροίαις
1264 3099 1480 3182 ἀναθλίβοντος
1500 3108 1577 3167 κατά
1595 3107 1648 3183 τὴν
1663 3109 1755 3185 ἐκχώ-

498 3213 579 3269 ρησιν
602 3187 691 3253 αύτοῦ
708 3196 840 3266 γίνεσθαι
857 3188 910 3264 τὴν
926 3191 1059 3264 ἐκπνοήν,
1077 3196 1341 3265 παλινδρομοῦντος
1358 3195 1388 3251 δὲ
1405 3197 1454 3251 καί
1471 3198 1525 3252 τοῦ
1542 3188 1630 3268 ἀέρος
1647 3189 1754 3255 ἀντεπ·

446 3288 476 3338 θλ)
497 3278 638 3347 εισιόντος
655 3279 695 3345 είς
717 3277 752 3336 τά
772 3277 816 3336 διά
837 3283 890 3336 τοῦ
912 3274 1034 3348 άίματος
1051 3271 1222 3351 ἀραιώματα
1240 3273 1292 3348 τὴν
1315 3274 1464 3350 εἰσπνοήν·
1482 3272 1701 3351 ῦπομιμνήισκει
1722 3283 1754 3342 δέ

497 3361 532 3420 τό
551 3363 598 3420 ἐπὶ
615 3367 666 3436 τῆς
682 3360 844 3436 κλεψύδρας
861 3362 903 3428 [fr.
917 3367 975 3429 100,
987 3367 1020 3428 91.
1050 3363 1123 3418 idem
1134 3363 1225 3418 minus
1242 3369 1316 3419 reete
1328 3364 1456 3433 exposuit
1472 3363 1575 3430 V15,3
1593 3364 1638 3430 [D.
1648 3371 1718 3433 4251.

599 3495 641 3544 75.
663 3488 738 3544 Am.
750 3490 830 3554 V18,
844 3492 857 3543 1
877 3488 922 3554 [D.
934 3493 995 3554 427]
1017 3481 1053 3545 Ἐ.
1079 3509 1129 3546 οτε
1146 3485 1331 3560 ἐγεννᾶτο
1303 3509 1337 3546 το
1356 3493 1414 3547 τῶν
1431 3484 1599 3564 ἀνθρώπων
1616 3493 1701 3564 γένος
1718 3492 1754 3552 ἐκ

497 3578 548 3646 τῆς
570 3579 635 3648 γῆς,
657 3571 800 3646 τοσαύτην
822 3575 957 3646 γενέσθαι
979 3578 1032 3631 τῶι
1053 3594 1137 3646 μηκει
1159 3579 1212 3632 τοῦ
1233 3570 1344 3647 χρόνου
1367 3572 1411 3634 διὰ
1430 3571 1465 3632 τὸ
1484 3579 1680 3651 βραδυπορεῖν
1698 3579 1755 3636 τόν

497 3650 579 3730 ἥλιον
600 3656 651 3731 τὴν
673 3652 833 3730 ἡμέραν,
820 3656 915 3731 οπόση
938 3662 989 3716 νῦν
1009 3654 1125 3716 ἐστινι
1110 3683 1127 3731 η
1146 3656 1315 3731 δεκάμηνος·
1338 3656 1497 3732 προϊόντος
1515 3660 1545 3718 δέ
1563 3664 1615 3719 τοῦ
1630 3661 1752 3734 χρόνον,

446 3755 477 3805 35
498 3741 641 3845 τοσαύτην
657 3739 838 3815 γενέσθαι
811 3764 863 3814 την
880 3739 1001 3816 ημέραν,
1026 3739 1123 3818 δπόση
1140 3750 1190 3802 νῦν
1207 3738 1313 3802 ἐστινι
1300 3768 1317 3816 η
1336 3741 1511 3817 ἑπτάμηνος·
1533 3745 1577 3804 διά
1596 3752 1685 3805 τοῦτο
1703 3754 1753 3806 καί

499 3825 536 3886 τά
558 3823 701 3899 δεκάμηνα
723 3832 771 3884 καὶ
793 3828 829 3886 τά
848 3825 1010 3915 ἑπτάμηνα,
1032 3834 1081 3901 τῆς
1098 3827 1211 3901 φύσεως
1228 3833 1281 3886 τοῦ
1297 3825 1411 3899 κόσμου
1429 3821 1506 3888 ούτω
1522 3835 1754 3906 μεμελετηκυίας,

499 3908 671 3979 αύξεσθαιέ
673 3917 772 3981 νμιάι
794 3908 932 3984 ἡμέραι
918 3938 947 3986 ηι
963 3917 1082 3973 τίθεται
1104 3917 1182 3971 νυκτὶ
1200 3915 1336 3979 [τίκτεται
1354 3917 1413 3971 νυνί
1433 3914 1558 3980 casaub]
1583 3913 1618 3973 τό
1641 3918 1754 3991 βρέφος

499 3994 674 4062 [λιίιιοΤτοα.
686 4013 764 4068 exeg
775 3998 808 4053 ΙΙ.
819 4014 846 4068 p.
858 4004 900 4066 42,
914 4004 964 4066 17].

601 4110 642 4160 76.
660 4107 757 4163 Ριιτο
765 4108 979 4165 ΡλιυοδοθθΑΒ
997 4109 1133 4175 (Socrates
1144 4109 1275 4178 loquitur)
1293 4106 1350 4181 ἐγώ
1369 4105 1435 4182 γάρ,
1453 4099 1554 4181 έφη,
1529 4130 1552 4164 ω
1566 4110 1669 4183 Κέβης,
1687 4113 1755 4180 νέος

447 4204 477 4256 40
499 4185 541 4247 ών
558 4196 734 4260 θαυμαστῶς
751 4187 791 4259 ὡς
808 4191 974 4268 ἐπεθύμησα
992 4190 1096 4267 ταύτης
1113 4199 1162 4265 τῆς
1181 4195 1294 4264 σοφίας,
1314 4187 1349 4264 ἣν
1367 4188 1399 4265 δὴ
1416 4198 1536 4252 καλοῦσι
1554 4192 1754 4265 περὶφύσεως

499 4275 640 4347 ίστορίαν.
669 4270 856 4351 ὑπερήφανος
872 4279 930 4354 γάρ
947 4299 997 4349 μοι
1014 4274 1108 4336 ἐδόκει
1126 4274 1199 4337 εἶναι
1216 4278 1319 4336 εἰδέναι
1336 4275 1388 4346 τάς
1406 4277 1500 4344 αἰτίας
1517 4277 1643 4337 ἑκάστου
1660 4280 1705 4340 διά
1725 4285 1755 4340 τί

404 4402 407 4407 ·
498 4363 626 4434 γίγνεται
644 4357 769 4419 ἕκαστον
785 4366 834 4420 καὶ
851 4360 897 4421 διά
914 4365 944 4421 τί
961 4360 1120 4421 ἀπόλλυται
1138 4368 1187 4421 καὶ
1204 4360 1248 4422 διά
1261 4365 1291 4422 τί
1301 4361 1387 4421 ἐστιν.
1416 4367 1465 4420 καί
1477 4360 1615 4432 πολλάκις
1626 4360 1755 4435 ἐμαυτόν

499 4443 561 4503 ανω
579 4468 659 4505 κατω
676 4466 730 4516 μετ
732 4445 855 4519 βαλλον
871 4467 991 4506 σκοπων
1008 4466 1127 4519 πρωτον
1144 4469 1180 4507 τα
1198 4447 1308 4507 τοιαδε
1328 4439 1366 4519 ἀρ
1369 4444 1754 4524 ’έπειδόιντόθερμόν

500 4534 560 4586 καί
582 4528 720 4603 ψυχρόν
743 4527 862 4605 [ὑγρόν
879 4534 1025 4604 Sprengel,
1048 4539 1077 4588 at
1093 4532 1128 4589 cf.
1140 4533 1214 4590 Dox.
1227 4538 1285 4600 564,
1298 4539 1324 4599 θ]
1343 4530 1519 4605 σηπεδόνα
1538 4530 1614 4594 τινόι
1634 4532 1754 4610 λάβηι,

449 4629 479 4679 45
501 4606 547 4680 ώς
568 4635 662 4680 τινες
686 4616 888 4686 [Ειιιροᾶοοίοο,
910 4617 1076 4682 Archelaus]
1099 4613 1235 4692 έλεγον,
1258 4614 1341 4675 τότε
1364 4617 1403 4690 δη
1427 4618 1467 4676 τά
1491 4622 1580 4688 ζῶια
1607 4621 1753 4695 συντρέ-

501 4715 618 4770 φεται;
652 4704 711 4756 καί
732 4697 891 4775 πότερον
913 4698 952 4759 τό
977 4697 1062 4772 αἷμά
1084 4700 1220 4760 ἐστιν
1199 4725 1238 4760 ωι
1256 4708 1463 4776 φρονοῦμεν
1481 4701 1716 4775 [Empedocles]’'
1698 4701 1752 4777 ηδ
