<?xml version="1.0" encoding="UTF-8"?>
<!DOCTYPE html PUBLIC "-//W3C//DTD XHTML 1.0 Transitional//EN"
    "http://www.w3.org/TR/xhtml1/DTD/xhtml1-transitional.dtd">
<html xmlns="http://www.w3.org/1999/xhtml" xml:lang="en" lang="en">
 <head>
  <title>
</title>
<meta http-equiv="Content-Type" content="text/html;charset=utf-8" />
  <meta name='ocr-system' content='tesseract 3.04.00' />
  <meta name='ocr-capabilities' content='ocr_page ocr_carea ocr_par ocr_line ocrx_word'/>
</head>
<body>
  <div class='ocr_page' id='page_1' title='image "./poetarvmphiloso00dielgoog_0027.png"; bbox 0 0 4117 5617; ppageno 0'>
   <div class='ocr_carea' id='block_1_1' title="bbox 802 1382 1096 1461">
    <p class='ocr_par' dir='ltr' id='par_1_1' title="bbox 802 1382 1096 1461">
     <span class='ocr_line' id='line_1_1' title="bbox 802 1382 1096 1461; baseline -0.003 -1"><span class='ocrx_word' id='word_1_1' title='bbox 802 1382 1096 1461; x_wconf 83' lang='lat' dir='ltr'>PRAEFATIO</span> 
     </span>
    </p>
   </div>
   <div class='ocr_carea' id='block_1_2' title="bbox 239 1605 1581 4762">
    <p class='ocr_par' dir='ltr' id='par_1_2' title="bbox 239 1605 1581 4641">
     <span class='ocr_line' id='line_1_2' title="bbox 407 1605 1579 1689; baseline 0 -20"><span class='ocrx_word' id='word_1_2' title='bbox 407 1607 543 1688; x_wconf 86' lang='lat' dir='ltr'>Plagulis</span> <span class='ocrx_word' id='word_1_3' title='bbox 565 1607 700 1670; x_wconf 90' lang='lat' dir='ltr'>correctis</span> <span class='ocrx_word' id='word_1_4' title='bbox 722 1607 926 1689; x_wconf 88' lang='lat' dir='ltr'>indicibusque</span> <span class='ocrx_word' id='word_1_5' title='bbox 948 1627 1012 1670; x_wconf 91' lang='lat' dir='ltr'>non</span> <span class='ocrx_word' id='word_1_6' title='bbox 1035 1608 1098 1670; x_wconf 91' lang='lat' dir='ltr'>sine</span> <span class='ocrx_word' id='word_1_7' title='bbox 1116 1606 1212 1670; x_wconf 89' lang='lat' dir='ltr'>taedio</span> <span class='ocrx_word' id='word_1_8' title='bbox 1227 1605 1369 1667; x_wconf 88' lang='lat' dir='ltr'>confectis</span> <span class='ocrx_word' id='word_1_9' title='bbox 1383 1605 1455 1667; x_wconf 91' lang='lat' dir='ltr'>dum</span> <span class='ocrx_word' id='word_1_10' title='bbox 1468 1605 1579 1687; x_wconf 89' lang='lat' dir='ltr'>respiro</span> 
     </span>
     <span class='ocr_line' id='line_1_3' title="bbox 321 1707 1580 1792; baseline -0.001 -22"><span class='ocrx_word' id='word_1_11' title='bbox 321 1718 352 1771; x_wconf 87' lang='lat' dir='ltr'>et</span> <span class='ocrx_word' id='word_1_12' title='bbox 378 1709 497 1771; x_wconf 79' lang='lat' dir='ltr'>laetiore</span> <span class='ocrx_word' id='word_1_13' title='bbox 519 1708 618 1771; x_wconf 90' lang='lat' dir='ltr'>animo</span> <span class='ocrx_word' id='word_1_14' title='bbox 640 1709 712 1791; x_wconf 91' lang='lat' dir='ltr'>quid</span> <span class='ocrx_word' id='word_1_15' title='bbox 732 1709 930 1792; x_wconf 84' lang='lat' dir='ltr'><strong>praefandum</strong></span> <span class='ocrx_word' id='word_1_16' title='bbox 953 1711 991 1770; x_wconf 90' lang='lat' dir='ltr'>sit</span> <span class='ocrx_word' id='word_1_17' title='bbox 1012 1710 1146 1784; x_wconf 91' lang='lat' dir='ltr'>meditor,</span> <span class='ocrx_word' id='word_1_18' title='bbox 1169 1729 1236 1771; x_wconf 87' lang='lat' dir='ltr'>cccc</span> <span class='ocrx_word' id='word_1_19' title='bbox 1256 1708 1382 1770; x_wconf 87' lang='lat' dir='ltr'>nuntius</span> <span class='ocrx_word' id='word_1_20' title='bbox 1404 1707 1493 1789; x_wconf 91' lang='lat' dir='ltr'>longe</span> <span class='ocrx_word' id='word_1_21' title='bbox 1516 1709 1580 1769; x_wconf 89' lang='lat' dir='ltr'>tris·</span> 
     </span>
     <span class='ocr_line' id='line_1_4' title="bbox 322 1808 1579 1892; baseline 0.001 -20"><span class='ocrx_word' id='word_1_22' title='bbox 322 1811 452 1872; x_wconf 77' lang='lat' dir='ltr'>tissimus</span> <span class='ocrx_word' id='word_1_23' title='bbox 478 1808 611 1886; x_wconf 82' lang='lat' dir='ltr'>affertur,</span> <span class='ocrx_word' id='word_1_24' title='bbox 640 1811 823 1875; x_wconf 76' lang='lat' dir='ltr'>Gnorcmu</span> <span class='ocrx_word' id='word_1_25' title='bbox 845 1814 1040 1875; x_wconf 64' lang='lat' dir='ltr'>Krannon</span> <span class='ocrx_word' id='word_1_26' title='bbox 1067 1813 1155 1875; x_wconf 88' lang='lat' dir='ltr'>nobis</span> <span class='ocrx_word' id='word_1_27' title='bbox 1176 1810 1339 1892; x_wconf 81' lang='lat' dir='ltr'>litterisque</span> <span class='ocrx_word' id='word_1_28' title='bbox 1361 1810 1466 1872; x_wconf 87' lang='lat' dir='ltr'>acerba</span> <span class='ocrx_word' id='word_1_29' title='bbox 1486 1820 1579 1873; x_wconf 85' lang='lat' dir='ltr'>morte</span> 
     </span>
     <span class='ocr_line' id='line_1_5' title="bbox 322 1912 1579 1995; baseline 0 -21"><span class='ocrx_word' id='word_1_30' title='bbox 322 1923 455 1995; x_wconf 90' lang='lat' dir='ltr'>ereptum</span> <span class='ocrx_word' id='word_1_31' title='bbox 476 1935 548 1988; x_wconf 92' lang='lat' dir='ltr'>esse,</span> <span class='ocrx_word' id='word_1_32' title='bbox 571 1914 622 1995; x_wconf 95' lang='lat' dir='ltr'>qui</span> <span class='ocrx_word' id='word_1_33' title='bbox 644 1935 708 1978; x_wconf 90' lang='lat' dir='ltr'>non</span> <span class='ocrx_word' id='word_1_34' title='bbox 730 1915 827 1978; x_wconf 86' lang='lat' dir='ltr'>solum</span> <span class='ocrx_word' id='word_1_35' title='bbox 849 1916 1013 1977; x_wconf 89' lang='lat' dir='ltr'>studiorum</span> <span class='ocrx_word' id='word_1_36' title='bbox 1036 1917 1172 1979; x_wconf 85' lang='lat' dir='ltr'>societate</span> <span class='ocrx_word' id='word_1_37' title='bbox 1193 1914 1261 1976; x_wconf 93' lang='lat' dir='ltr'>inde</span> <span class='ocrx_word' id='word_1_38' title='bbox 1283 1934 1302 1975; x_wconf 88' lang='lat' dir='ltr'>a</span> <span class='ocrx_word' id='word_1_39' title='bbox 1321 1912 1488 1975; x_wconf 87' lang='lat' dir='ltr'>beatissimo</span> <span class='ocrx_word' id='word_1_40' title='bbox 1510 1933 1579 1974; x_wconf 90' lang='lat' dir='ltr'>con·</span> 
     </span>
     <span class='ocr_line' id='line_1_6' title="bbox 239 2015 1580 2098; baseline -0.001 -21"><span class='ocrx_word' id='word_1_41' title='bbox 239 2042 241 2046; x_wconf 94' lang='lat'>·</span> <span class='ocrx_word' id='word_1_42' title='bbox 321 2015 459 2077; x_wconf 92' lang='lat' dir='ltr'>tubernio</span> <span class='ocrx_word' id='word_1_43' title='bbox 474 2016 627 2078; x_wconf 91' lang='lat' dir='ltr'>Bonnensi</span> <span class='ocrx_word' id='word_1_44' title='bbox 648 2017 719 2079; x_wconf 91' lang='lat' dir='ltr'>mihi</span> <span class='ocrx_word' id='word_1_45' title='bbox 740 2029 804 2080; x_wconf 86' lang='lat' dir='ltr'>erat</span> <span class='ocrx_word' id='word_1_46' title='bbox 826 2018 1094 2094; x_wconf 91' lang='lat' dir='ltr'>coniunctissimus,</span> <span class='ocrx_word' id='word_1_47' title='bbox 1115 2018 1167 2080; x_wconf 88' lang='lat' dir='ltr'>sed</span> <span class='ocrx_word' id='word_1_48' title='bbox 1181 2018 1214 2079; x_wconf 92' lang='lat' dir='ltr'>in</span> <span class='ocrx_word' id='word_1_49' title='bbox 1227 2017 1285 2080; x_wconf 92' lang='lat' dir='ltr'>hoc</span> <span class='ocrx_word' id='word_1_50' title='bbox 1299 2035 1417 2098; x_wconf 89' lang='lat' dir='ltr'>quoque</span> <span class='ocrx_word' id='word_1_51' title='bbox 1430 2016 1580 2078; x_wconf 90' lang='lat' dir='ltr'>communi</span> 
     </span>
     <span class='ocr_line' id='line_1_7' title="bbox 322 2119 1581 2203; baseline -0.002 -23"><span class='ocrx_word' id='word_1_52' title='bbox 322 2120 482 2180; x_wconf 89' lang='lat' dir='ltr'>amicorum</span> <span class='ocrx_word' id='word_1_53' title='bbox 513 2139 600 2199; x_wconf 90' lang='lat' dir='ltr'>opere</span> <span class='ocrx_word' id='word_1_54' title='bbox 627 2119 711 2183; x_wconf 91' lang='lat' dir='ltr'>velut</span> <span class='ocrx_word' id='word_1_55' title='bbox 736 2141 852 2202; x_wconf 83' lang='lat' dir='ltr'>auspex</span> <span class='ocrx_word' id='word_1_56' title='bbox 879 2131 909 2182; x_wconf 88' lang='lat' dir='ltr'>et</span> <span class='ocrx_word' id='word_1_57' title='bbox 936 2121 1069 2203; x_wconf 90' lang='lat' dir='ltr'>signifer,</span> <span class='ocrx_word' id='word_1_58' title='bbox 1098 2122 1182 2183; x_wconf 91' lang='lat' dir='ltr'>cuius</span> <span class='ocrx_word' id='word_1_59' title='bbox 1207 2119 1409 2182; x_wconf 87' lang='lat' dir='ltr'>auctoritatem</span> <span class='ocrx_word' id='word_1_60' title='bbox 1430 2138 1476 2179; x_wconf 91' lang='lat' dir='ltr'>me</span> <span class='ocrx_word' id='word_1_61' title='bbox 1498 2119 1581 2198; x_wconf 90' lang='lat' dir='ltr'>sequi</span> 
     </span>
     <span class='ocr_line' id='line_1_8' title="bbox 323 2219 1580 2305; baseline 0.002 -24"><span class='ocrx_word' id='word_1_62' title='bbox 323 2229 353 2281; x_wconf 90' lang='lat' dir='ltr'>et</span> <span class='ocrx_word' id='word_1_63' title='bbox 373 2219 495 2282; x_wconf 77' lang='lat' dir='ltr'>decebat</span> <span class='ocrx_word' id='word_1_64' title='bbox 516 2230 546 2282; x_wconf 90' lang='lat' dir='ltr'>et</span> <span class='ocrx_word' id='word_1_65' title='bbox 566 2222 696 2287; x_wconf 86' lang='lat' dir='ltr'>iuvabat.</span> <span class='ocrx_word' id='word_1_66' title='bbox 739 2244 810 2286; x_wconf 90' lang='lat' dir='ltr'>nam</span> <span class='ocrx_word' id='word_1_67' title='bbox 832 2223 991 2304; x_wconf 88' lang='lat' dir='ltr'>singularis</span> <span class='ocrx_word' id='word_1_68' title='bbox 1012 2244 1134 2305; x_wconf 88' lang='lat' dir='ltr'>graecae</span> <span class='ocrx_word' id='word_1_69' title='bbox 1155 2224 1225 2285; x_wconf 89' lang='lat' dir='ltr'>artis</span> <span class='ocrx_word' id='word_1_70' title='bbox 1240 2221 1377 2303; x_wconf 84' lang='lat' dir='ltr'>cognitio,</span> <span class='ocrx_word' id='word_1_71' title='bbox 1392 2241 1468 2302; x_wconf 91' lang='lat' dir='ltr'>quae</span> <span class='ocrx_word' id='word_1_72' title='bbox 1483 2221 1513 2280; x_wconf 91' lang='lat' dir='ltr'>in</span> <span class='ocrx_word' id='word_1_73' title='bbox 1528 2220 1580 2283; x_wconf 95' lang='lat' dir='ltr'>illo</span> 
     </span>
     <span class='ocr_line' id='line_1_9' title="bbox 322 2322 1580 2408; baseline -0.002 -23"><span class='ocrx_word' id='word_1_74' title='bbox 322 2322 388 2397; x_wconf 81' lang='lat' dir='ltr'>fuit,</span> <span class='ocrx_word' id='word_1_75' title='bbox 415 2323 447 2383; x_wconf 92' lang='lat' dir='ltr'>in</span> <span class='ocrx_word' id='word_1_76' title='bbox 475 2323 561 2385; x_wconf 92' lang='lat' dir='ltr'>nullo</span> <span class='ocrx_word' id='word_1_77' title='bbox 586 2345 693 2405; x_wconf 85' lang='lat' dir='ltr'>genere</span> <span class='ocrx_word' id='word_1_78' title='bbox 720 2326 883 2388; x_wconf 87' lang='lat' dir='ltr'>litterarum</span> <span class='ocrx_word' id='word_1_79' title='bbox 910 2327 1003 2407; x_wconf 88' lang='lat' dir='ltr'>magis</span> <span class='ocrx_word' id='word_1_80' title='bbox 1031 2327 1136 2389; x_wconf 90' lang='lat' dir='ltr'>enituit</span> <span class='ocrx_word' id='word_1_81' title='bbox 1163 2347 1252 2408; x_wconf 92' lang='lat' dir='ltr'>quam</span> <span class='ocrx_word' id='word_1_82' title='bbox 1278 2326 1309 2386; x_wconf 92' lang='lat' dir='ltr'>in</span> <span class='ocrx_word' id='word_1_83' title='bbox 1335 2322 1473 2398; x_wconf 81' lang='lat' dir='ltr'>Comicis,</span> <span class='ocrx_word' id='word_1_84' title='bbox 1500 2322 1580 2385; x_wconf 92' lang='lat' dir='ltr'>unde</span> 
     </span>
     <span class='ocr_line' id='line_1_10' title="bbox 323 2424 1580 2510; baseline 0 -24"><span class='ocrx_word' id='word_1_85' title='bbox 323 2424 513 2502; x_wconf 90' lang='lat' dir='ltr'>splendidum</span> <span class='ocrx_word' id='word_1_86' title='bbox 534 2435 604 2488; x_wconf 88' lang='lat' dir='ltr'>ante</span> <span class='ocrx_word' id='word_1_87' title='bbox 625 2427 778 2491; x_wconf 90' lang='lat' dir='ltr'>biennium</span> <span class='ocrx_word' id='word_1_88' title='bbox 800 2428 913 2491; x_wconf 86' lang='lat' dir='ltr'>factum</span> <span class='ocrx_word' id='word_1_89' title='bbox 935 2439 980 2490; x_wconf 87' lang='lat' dir='ltr'>est</span> <span class='ocrx_word' id='word_1_90' title='bbox 1002 2429 1090 2492; x_wconf 90' lang='lat' dir='ltr'>huius</span> <span class='ocrx_word' id='word_1_91' title='bbox 1109 2429 1248 2510; x_wconf 81' lang='lat' dir='ltr'>Corporis</span> <span class='ocrx_word' id='word_1_92' title='bbox 1269 2427 1393 2488; x_wconf 91' lang='lat' dir='ltr'>initium.</span> <span class='ocrx_word' id='word_1_93' title='bbox 1435 2426 1493 2487; x_wconf 90' lang='lat' dir='ltr'>iam</span> <span class='ocrx_word' id='word_1_94' title='bbox 1508 2424 1580 2487; x_wconf 88' lang='lat' dir='ltr'>adu·</span> 
     </span>
     <span class='ocr_line' id='line_1_11' title="bbox 321 2527 1580 2613; baseline 0.001 -25"><span class='ocrx_word' id='word_1_95' title='bbox 321 2527 482 2589; x_wconf 87' lang='lat' dir='ltr'>lescentem</span> <span class='ocrx_word' id='word_1_96' title='bbox 502 2529 598 2610; x_wconf 89' lang='lat' dir='ltr'>prima</span> <span class='ocrx_word' id='word_1_97' title='bbox 619 2529 749 2595; x_wconf 90' lang='lat' dir='ltr'>tirocinia</span> <span class='ocrx_word' id='word_1_98' title='bbox 773 2532 804 2592; x_wconf 91' lang='lat' dir='ltr'>in</span> <span class='ocrx_word' id='word_1_99' title='bbox 818 2532 1021 2613; x_wconf 82' lang='lat' dir='ltr'>Aristophane</span> <span class='ocrx_word' id='word_1_100' title='bbox 1036 2553 1148 2613; x_wconf 87' lang='lat' dir='ltr'>ponere</span> <span class='ocrx_word' id='word_1_101' title='bbox 1161 2530 1279 2593; x_wconf 91' lang='lat' dir='ltr'>memini</span> <span class='ocrx_word' id='word_1_102' title='bbox 1293 2529 1478 2609; x_wconf 88' lang='lat' dir='ltr'>eundemque</span> <span class='ocrx_word' id='word_1_103' title='bbox 1493 2527 1580 2589; x_wconf 89' lang='lat' dir='ltr'>audio</span> 
     </span>
     <span class='ocr_line' id='line_1_12' title="bbox 322 2629 1580 2715; baseline -0.004 -21"><span class='ocrx_word' id='word_1_104' title='bbox 322 2649 490 2711; x_wconf 90' lang='lat' dir='ltr'>supremam</span> <span class='ocrx_word' id='word_1_105' title='bbox 511 2629 603 2692; x_wconf 84' lang='lat' dir='ltr'>fuisse</span> <span class='ocrx_word' id='word_1_106' title='bbox 620 2631 788 2694; x_wconf 86' lang='lat' dir='ltr'>moribundi</span> <span class='ocrx_word' id='word_1_107' title='bbox 802 2653 902 2695; x_wconf 90' lang='lat' dir='ltr'>curam</span> <span class='ocrx_word' id='word_1_108' title='bbox 916 2654 951 2695; x_wconf 88' lang='lat' dir='ltr'>ac</span> <span class='ocrx_word' id='word_1_109' title='bbox 965 2633 1123 2715; x_wconf 87' lang='lat' dir='ltr'>querelam.</span> <span class='ocrx_word' id='word_1_110' title='bbox 1167 2633 1242 2694; x_wconf 87' lang='lat' dir='ltr'>inter</span> <span class='ocrx_word' id='word_1_111' title='bbox 1255 2631 1310 2695; x_wconf 93' lang='lat' dir='ltr'>hos</span> <span class='ocrx_word' id='word_1_112' title='bbox 1325 2629 1402 2694; x_wconf 88' lang='lat' dir='ltr'>vitae</span> <span class='ocrx_word' id='word_1_113' title='bbox 1416 2629 1580 2693; x_wconf 88' lang='lat' dir='ltr'>laboriosae</span> 
     </span>
     <span class='ocr_line' id='line_1_13' title="bbox 322 2731 1581 2816; baseline -0.002 -22"><span class='ocrx_word' id='word_1_114' title='bbox 322 2742 352 2794; x_wconf 90' lang='lat' dir='ltr'>et</span> <span class='ocrx_word' id='word_1_115' title='bbox 373 2731 542 2795; x_wconf 86' lang='lat' dir='ltr'>fructuosae</span> <span class='ocrx_word' id='word_1_116' title='bbox 563 2735 703 2797; x_wconf 90' lang='lat' dir='ltr'>terminos</span> <span class='ocrx_word' id='word_1_117' title='bbox 725 2756 843 2797; x_wconf 91' lang='lat' dir='ltr'>omnem</span> <span class='ocrx_word' id='word_1_118' title='bbox 864 2737 1052 2816; x_wconf 83' lang='lat' dir='ltr'>graecitatem</span> <span class='ocrx_word' id='word_1_119' title='bbox 1073 2735 1240 2816; x_wconf 83' lang='lat' dir='ltr'>peragravit</span> <span class='ocrx_word' id='word_1_120' title='bbox 1261 2743 1289 2795; x_wconf 93' lang='lat' dir='ltr'>et</span> <span class='ocrx_word' id='word_1_121' title='bbox 1311 2732 1442 2813; x_wconf 91' lang='lat' dir='ltr'>undique</span> <span class='ocrx_word' id='word_1_122' title='bbox 1456 2753 1581 2795; x_wconf 90' lang='lat' dir='ltr'>messem</span> 
     </span>
     <span class='ocr_line' id='line_1_14' title="bbox 322 2834 1581 2919; baseline 0.001 -22"><span class='ocrx_word' id='word_1_123' title='bbox 322 2834 499 2897; x_wconf 89' lang='lat' dir='ltr'>uberrimam</span> <span class='ocrx_word' id='word_1_124' title='bbox 525 2834 650 2910; x_wconf 87' lang='lat' dir='ltr'>rettulit;</span> <span class='ocrx_word' id='word_1_125' title='bbox 677 2846 709 2899; x_wconf 91' lang='lat' dir='ltr'>at</span> <span class='ocrx_word' id='word_1_126' title='bbox 737 2858 887 2919; x_wconf 87' lang='lat' dir='ltr'>nusquam</span> <span class='ocrx_word' id='word_1_127' title='bbox 915 2838 1056 2900; x_wconf 88' lang='lat' dir='ltr'>libentius</span> <span class='ocrx_word' id='word_1_128' title='bbox 1082 2847 1112 2900; x_wconf 90' lang='lat' dir='ltr'>et</span> <span class='ocrx_word' id='word_1_129' title='bbox 1132 2838 1274 2899; x_wconf 87' lang='lat' dir='ltr'>intentius</span> <span class='ocrx_word' id='word_1_130' title='bbox 1296 2835 1470 2900; x_wconf 89' lang='lat' dir='ltr'>versabatur</span> <span class='ocrx_word' id='word_1_131' title='bbox 1491 2855 1581 2917; x_wconf 91' lang='lat' dir='ltr'>quam</span> 
     </span>
     <span class='ocr_line' id='line_1_15' title="bbox 321 2937 1580 3021; baseline 0.004 -23"><span class='ocrx_word' id='word_1_132' title='bbox 321 2939 354 2998; x_wconf 94' lang='lat' dir='ltr'>in</span> <span class='ocrx_word' id='word_1_133' title='bbox 376 2937 480 3000; x_wconf 87' lang='lat' dir='ltr'>atticae</span> <span class='ocrx_word' id='word_1_134' title='bbox 502 2937 670 3014; x_wconf 83' lang='lat' dir='ltr'>comoediae</span> <span class='ocrx_word' id='word_1_135' title='bbox 691 2938 830 3021; x_wconf 88' lang='lat' dir='ltr'>reliquiis.</span> <span class='ocrx_word' id='word_1_136' title='bbox 852 2941 1013 3002; x_wconf 88' lang='lat' dir='ltr'>Dorienses</span> <span class='ocrx_word' id='word_1_137' title='bbox 1036 2940 1128 3015; x_wconf 91' lang='lat' dir='ltr'>enim,</span> <span class='ocrx_word' id='word_1_138' title='bbox 1150 2961 1226 3021; x_wconf 91' lang='lat' dir='ltr'>quos</span> <span class='ocrx_word' id='word_1_139' title='bbox 1247 2938 1349 3008; x_wconf 86' lang='lat' dir='ltr'>edidit,</span> <span class='ocrx_word' id='word_1_140' title='bbox 1370 2947 1490 3020; x_wconf 88' lang='lat' dir='ltr'>propter</span> <span class='ocrx_word' id='word_1_141' title='bbox 1511 2938 1580 3003; x_wconf 92' lang='lat' dir='ltr'>illos</span> 
     </span>
     <span class='ocr_line' id='line_1_16' title="bbox 322 3041 1581 3124; baseline -0.001 -21"><span class='ocrx_word' id='word_1_142' title='bbox 322 3041 429 3122; x_wconf 89' lang='lat' dir='ltr'>opinor</span> <span class='ocrx_word' id='word_1_143' title='bbox 449 3041 593 3122; x_wconf 87' lang='lat' dir='ltr'>tetigerat.</span> <span class='ocrx_word' id='word_1_144' title='bbox 637 3042 744 3122; x_wconf 89' lang='lat' dir='ltr'>quodsi</span> <span class='ocrx_word' id='word_1_145' title='bbox 765 3064 867 3107; x_wconf 92' lang='lat' dir='ltr'>verum</span> <span class='ocrx_word' id='word_1_146' title='bbox 888 3052 934 3105; x_wconf 90' lang='lat' dir='ltr'>est</span> <span class='ocrx_word' id='word_1_147' title='bbox 955 3042 1048 3124; x_wconf 89' lang='lat' dir='ltr'>(quod</span> <span class='ocrx_word' id='word_1_148' title='bbox 1069 3063 1122 3123; x_wconf 88' lang='lat' dir='ltr'>ego</span> <span class='ocrx_word' id='word_1_149' title='bbox 1144 3064 1228 3105; x_wconf 93' lang='lat' dir='ltr'>nunc</span> <span class='ocrx_word' id='word_1_150' title='bbox 1249 3042 1339 3105; x_wconf 89' lang='lat' dir='ltr'>libere</span> <span class='ocrx_word' id='word_1_151' title='bbox 1361 3041 1506 3122; x_wconf 87' lang='lat' dir='ltr'>profiteor,</span> <span class='ocrx_word' id='word_1_152' title='bbox 1529 3042 1581 3104; x_wconf 92' lang='lat' dir='ltr'>ubi</span> 
     </span>
     <span class='ocr_line' id='line_1_17' title="bbox 323 3141 1580 3228; baseline -0.001 -22"><span class='ocrx_word' id='word_1_153' title='bbox 323 3165 387 3206; x_wconf 91' lang='lat' dir='ltr'>non</span> <span class='ocrx_word' id='word_1_154' title='bbox 402 3144 460 3205; x_wconf 90' lang='lat' dir='ltr'>iam</span> <span class='ocrx_word' id='word_1_155' title='bbox 482 3143 662 3207; x_wconf 90' lang='lat' dir='ltr'>invidiosum</span> <span class='ocrx_word' id='word_1_156' title='bbox 683 3146 799 3208; x_wconf 91' lang='lat' dir='ltr'>videtur</span> <span class='ocrx_word' id='word_1_157' title='bbox 821 3146 942 3209; x_wconf 91' lang='lat' dir='ltr'>laudare</span> <span class='ocrx_word' id='word_1_158' title='bbox 965 3146 1101 3219; x_wconf 85' lang='lat' dir='ltr'>amicum)</span> <span class='ocrx_word' id='word_1_159' title='bbox 1123 3166 1190 3207; x_wconf 90' lang='lat' dir='ltr'>cum</span> <span class='ocrx_word' id='word_1_160' title='bbox 1211 3146 1296 3228; x_wconf 91' lang='lat' dir='ltr'>primi</span> <span class='ocrx_word' id='word_1_161' title='bbox 1317 3144 1398 3206; x_wconf 88' lang='lat' dir='ltr'>illius</span> <span class='ocrx_word' id='word_1_162' title='bbox 1419 3141 1580 3206; x_wconf 90' lang='lat' dir='ltr'>voluminis</span> 
     </span>
     <span class='ocr_line' id='line_1_18' title="bbox 322 3243 1580 3326; baseline 0.003 -22"><span class='ocrx_word' id='word_1_163' title='bbox 322 3243 502 3325; x_wconf 77' lang='lat' dir='ltr'>perfectione</span> <span class='ocrx_word' id='word_1_164' title='bbox 527 3243 579 3307; x_wconf 87' lang='lat' dir='ltr'>vix</span> <span class='ocrx_word' id='word_1_165' title='bbox 604 3263 696 3305; x_wconf 90' lang='lat' dir='ltr'>unam</span> <span class='ocrx_word' id='word_1_166' title='bbox 724 3244 886 3308; x_wconf 87' lang='lat' dir='ltr'>alteramve</span> <span class='ocrx_word' id='word_1_167' title='bbox 907 3245 1076 3326; x_wconf 88' lang='lat' dir='ltr'>aequalium</span> <span class='ocrx_word' id='word_1_168' title='bbox 1103 3244 1259 3308; x_wconf 90' lang='lat' dir='ltr'>editionem</span> <span class='ocrx_word' id='word_1_169' title='bbox 1286 3254 1363 3306; x_wconf 90' lang='lat' dir='ltr'>recte</span> <span class='ocrx_word' id='word_1_170' title='bbox 1389 3265 1477 3326; x_wconf 92' lang='lat' dir='ltr'>posse</span> <span class='ocrx_word' id='word_1_171' title='bbox 1503 3267 1580 3310; x_wconf 90' lang='lat' dir='ltr'>com·</span> 
     </span>
     <span class='ocr_line' id='line_1_19' title="bbox 323 3346 1581 3428; baseline 0.004 -21"><span class='ocrx_word' id='word_1_172' title='bbox 323 3346 428 3427; x_wconf 90' lang='lat' dir='ltr'>parari,</span> <span class='ocrx_word' id='word_1_173' title='bbox 450 3346 522 3428; x_wconf 93' lang='lat' dir='ltr'>quid</span> <span class='ocrx_word' id='word_1_174' title='bbox 543 3356 761 3428; x_wconf 89' lang='lat' dir='ltr'>praestaturum</span> <span class='ocrx_word' id='word_1_175' title='bbox 783 3369 851 3410; x_wconf 90' lang='lat' dir='ltr'>eum</span> <span class='ocrx_word' id='word_1_176' title='bbox 872 3348 965 3411; x_wconf 82' lang='lat' dir='ltr'>fuisse</span> <span class='ocrx_word' id='word_1_177' title='bbox 986 3347 1139 3423; x_wconf 90' lang='lat' dir='ltr'>credimus,</span> <span class='ocrx_word' id='word_1_178' title='bbox 1162 3349 1188 3410; x_wconf 92' lang='lat' dir='ltr'>si</span> <span class='ocrx_word' id='word_1_179' title='bbox 1208 3348 1303 3410; x_wconf 87' lang='lat' dir='ltr'>fatum</span> <span class='ocrx_word' id='word_1_180' title='bbox 1324 3349 1525 3426; x_wconf 89' lang='lat' dir='ltr'>concessisset,</span> <span class='ocrx_word' id='word_1_181' title='bbox 1547 3359 1581 3412; x_wconf 91' lang='lat' dir='ltr'>ut</span> 
     </span>
     <span class='ocr_line' id='line_1_20' title="bbox 323 3448 1580 3534; baseline 0.006 -26"><span class='ocrx_word' id='word_1_182' title='bbox 323 3448 419 3528; x_wconf 90' lang='lat' dir='ltr'>ipsam</span> <span class='ocrx_word' id='word_1_183' title='bbox 444 3449 563 3512; x_wconf 87' lang='lat' dir='ltr'>atticam</span> <span class='ocrx_word' id='word_1_184' title='bbox 585 3451 765 3513; x_wconf 79' lang='lat' dir='ltr'>comoediam</span> <span class='ocrx_word' id='word_1_185' title='bbox 786 3451 874 3514; x_wconf 91' lang='lat' dir='ltr'>nobis</span> <span class='ocrx_word' id='word_1_186' title='bbox 895 3473 933 3513; x_wconf 88' lang='lat' dir='ltr'>ex</span> <span class='ocrx_word' id='word_1_187' title='bbox 956 3451 1130 3533; x_wconf 85' lang='lat' dir='ltr'>fragmentis</span> <span class='ocrx_word' id='word_1_188' title='bbox 1151 3451 1343 3533; x_wconf 81' lang='lat' dir='ltr'>instauraret,</span> <span class='ocrx_word' id='word_1_189' title='bbox 1367 3452 1397 3513; x_wconf 92' lang='lat' dir='ltr'>in</span> <span class='ocrx_word' id='word_1_190' title='bbox 1419 3473 1480 3534; x_wconf 88' lang='lat' dir='ltr'>qua</span> <span class='ocrx_word' id='word_1_191' title='bbox 1500 3462 1580 3516; x_wconf 85' lang='lat' dir='ltr'>tetus</span> 
     </span>
     <span class='ocr_line' id='line_1_21' title="bbox 324 3549 1580 3635; baseline 0.006 -25"><span class='ocrx_word' id='word_1_192' title='bbox 324 3549 478 3614; x_wconf 88' lang='lat' dir='ltr'>habitabat</span> <span class='ocrx_word' id='word_1_193' title='bbox 492 3560 522 3612; x_wconf 91' lang='lat' dir='ltr'>et</span> <span class='ocrx_word' id='word_1_194' title='bbox 543 3551 686 3632; x_wconf 78' lang='lat' dir='ltr'>spirabat!</span> <span class='ocrx_word' id='word_1_195' title='bbox 730 3563 783 3615; x_wconf 91' lang='lat' dir='ltr'>aut</span> <span class='ocrx_word' id='word_1_196' title='bbox 803 3575 891 3616; x_wconf 89' lang='lat' dir='ltr'>nemo</span> <span class='ocrx_word' id='word_1_197' title='bbox 906 3554 1074 3616; x_wconf 86' lang='lat' dir='ltr'>mortalium</span> <span class='ocrx_word' id='word_1_198' title='bbox 1089 3564 1148 3629; x_wconf 90' lang='lat' dir='ltr'>aut,</span> <span class='ocrx_word' id='word_1_199' title='bbox 1165 3555 1188 3615; x_wconf 90' lang='lat' dir='ltr'>si</span> <span class='ocrx_word' id='word_1_200' title='bbox 1203 3555 1366 3635; x_wconf 90' lang='lat' dir='ltr'>quisquam,</span> <span class='ocrx_word' id='word_1_201' title='bbox 1382 3554 1433 3616; x_wconf 93' lang='lat' dir='ltr'>ille</span> <span class='ocrx_word' id='word_1_202' title='bbox 1447 3564 1477 3616; x_wconf 88' lang='lat' dir='ltr'>et</span> <span class='ocrx_word' id='word_1_203' title='bbox 1491 3565 1580 3618; x_wconf 91' lang='lat' dir='ltr'>natus</span> 
     </span>
     <span class='ocr_line' id='line_1_22' title="bbox 323 3655 1581 3739; baseline 0.003 -23"><span class='ocrx_word' id='word_1_204' title='bbox 323 3662 387 3716; x_wconf 87' lang='lat' dir='ltr'>erat</span> <span class='ocrx_word' id='word_1_205' title='bbox 407 3663 437 3714; x_wconf 91' lang='lat' dir='ltr'>et</span> <span class='ocrx_word' id='word_1_206' title='bbox 457 3662 579 3734; x_wconf 89' lang='lat' dir='ltr'>paratus</span> <span class='ocrx_word' id='word_1_207' title='bbox 600 3655 639 3716; x_wconf 91' lang='lat' dir='ltr'>ad</span> <span class='ocrx_word' id='word_1_208' title='bbox 661 3655 822 3718; x_wconf 88' lang='lat' dir='ltr'>Menandri</span> <span class='ocrx_word' id='word_1_209' title='bbox 843 3666 874 3718; x_wconf 89' lang='lat' dir='ltr'>et</span> <span class='ocrx_word' id='word_1_210' title='bbox 894 3656 1064 3739; x_wconf 88' lang='lat' dir='ltr'>aequalium</span> <span class='ocrx_word' id='word_1_211' title='bbox 1086 3657 1207 3720; x_wconf 87' lang='lat' dir='ltr'>umbras</span> <span class='ocrx_word' id='word_1_212' title='bbox 1228 3679 1266 3718; x_wconf 85' lang='lat' dir='ltr'>ex</span> <span class='ocrx_word' id='word_1_213' title='bbox 1287 3656 1388 3720; x_wconf 78' lang='lat' dir='ltr'>inieris</span> <span class='ocrx_word' id='word_1_214' title='bbox 1402 3658 1535 3722; x_wconf 82' lang='lat' dir='ltr'>citandus</span> <span class='ocrx_word' id='word_1_215' title='bbox 1551 3669 1581 3720; x_wconf 90' lang='lat' dir='ltr'>et</span> 
     </span>
     <span class='ocr_line' id='line_1_23' title="bbox 322 3754 1580 3824; baseline 0.006 -8"><span class='ocrx_word' id='word_1_216' title='bbox 322 3756 354 3816; x_wconf 92' lang='lat' dir='ltr'>in</span> <span class='ocrx_word' id='word_1_217' title='bbox 376 3755 454 3819; x_wconf 80' lang='lat' dir='ltr'>vitae</span> <span class='ocrx_word' id='word_1_218' title='bbox 474 3754 570 3818; x_wconf 92' lang='lat' dir='ltr'>lucem</span> <span class='ocrx_word' id='word_1_219' title='bbox 592 3759 786 3822; x_wconf 90' lang='lat' dir='ltr'>revocandas.</span> <span class='ocrx_word' id='word_1_220' title='bbox 830 3759 903 3822; x_wconf 88' lang='lat' dir='ltr'>adeo</span> <span class='ocrx_word' id='word_1_221' title='bbox 933 3761 964 3822; x_wconf 90' lang='lat' dir='ltr'>in</span> <span class='ocrx_word' id='word_1_222' title='bbox 979 3761 1111 3823; x_wconf 90' lang='lat' dir='ltr'>intimam</span> <span class='ocrx_word' id='word_1_223' title='bbox 1126 3781 1226 3824; x_wconf 91' lang='lat' dir='ltr'>eorum</span> <span class='ocrx_word' id='word_1_224' title='bbox 1241 3760 1485 3824; x_wconf 91' lang='lat' dir='ltr'>consuetudinem</span> <span class='ocrx_word' id='word_1_225' title='bbox 1500 3761 1580 3823; x_wconf 91' lang='lat' dir='ltr'>inde-</span> 
     </span>
     <span class='ocr_line' id='line_1_24' title="bbox 324 3857 1580 3941; baseline 0.003 -23"><span class='ocrx_word' id='word_1_226' title='bbox 324 3858 405 3920; x_wconf 87' lang='lat' dir='ltr'>fesso</span> <span class='ocrx_word' id='word_1_227' title='bbox 432 3857 534 3921; x_wconf 90' lang='lat' dir='ltr'>labore</span> <span class='ocrx_word' id='word_1_228' title='bbox 566 3867 656 3939; x_wconf 87' lang='lat' dir='ltr'>atque</span> <span class='ocrx_word' id='word_1_229' title='bbox 678 3857 804 3921; x_wconf 83' lang='lat' dir='ltr'>fortasse</span> <span class='ocrx_word' id='word_1_230' title='bbox 832 3860 925 3941; x_wconf 85' lang='lat' dir='ltr'>magis</span> <span class='ocrx_word' id='word_1_231' title='bbox 954 3860 1042 3923; x_wconf 91' lang='lat' dir='ltr'>etiam</span> <span class='ocrx_word' id='word_1_232' title='bbox 1069 3881 1175 3922; x_wconf 90' lang='lat' dir='ltr'>sensus</span> <span class='ocrx_word' id='word_1_233' title='bbox 1198 3859 1329 3940; x_wconf 91' lang='lat' dir='ltr'>quadam</span> <span class='ocrx_word' id='word_1_234' title='bbox 1351 3861 1526 3941; x_wconf 90' lang='lat' dir='ltr'>cognatione</span> <span class='ocrx_word' id='word_1_235' title='bbox 1548 3881 1580 3922; x_wconf 92' lang='lat' dir='ltr'>se</span> 
     </span>
     <span class='ocr_line' id='line_1_25' title="bbox 325 3960 1579 4044; baseline 0.002 -22"><span class='ocrx_word' id='word_1_236' title='bbox 325 3960 536 4025; x_wconf 86' lang='lat' dir='ltr'>insinuaverat.</span> <span class='ocrx_word' id='word_1_237' title='bbox 579 3981 650 4023; x_wconf 91' lang='lat' dir='ltr'>nam</span> <span class='ocrx_word' id='word_1_238' title='bbox 672 3969 734 4023; x_wconf 90' lang='lat' dir='ltr'>tota</span> <span class='ocrx_word' id='word_1_239' title='bbox 755 3962 818 4025; x_wconf 92' lang='lat' dir='ltr'>eius</span> <span class='ocrx_word' id='word_1_240' title='bbox 835 3961 950 4026; x_wconf 90' lang='lat' dir='ltr'>indoles</span> <span class='ocrx_word' id='word_1_241' title='bbox 972 3962 1011 4024; x_wconf 90' lang='lat' dir='ltr'>ad</span> <span class='ocrx_word' id='word_1_242' title='bbox 1027 3963 1148 4025; x_wconf 90' lang='lat' dir='ltr'>atticum</span> <span class='ocrx_word' id='word_1_243' title='bbox 1163 3963 1253 4025; x_wconf 90' lang='lat' dir='ltr'>istum</span> <span class='ocrx_word' id='word_1_244' title='bbox 1266 3984 1401 4044; x_wconf 91' lang='lat' dir='ltr'>saporem</span> <span class='ocrx_word' id='word_1_245' title='bbox 1416 3963 1496 4025; x_wconf 86' lang='lat' dir='ltr'>facta</span> <span class='ocrx_word' id='word_1_246' title='bbox 1510 3973 1579 4026; x_wconf 88' lang='lat' dir='ltr'>erat.</span> 
     </span>
     <span class='ocr_line' id='line_1_26' title="bbox 324 4063 1581 4147; baseline 0.003 -23"><span class='ocrx_word' id='word_1_247' title='bbox 324 4071 359 4124; x_wconf 91' lang='lat' dir='ltr'>ut</span> <span class='ocrx_word' id='word_1_248' title='bbox 384 4063 528 4144; x_wconf 87' lang='lat' dir='ltr'>scriptura</span> <span class='ocrx_word' id='word_1_249' title='bbox 555 4063 617 4126; x_wconf 93' lang='lat' dir='ltr'>eius</span> <span class='ocrx_word' id='word_1_250' title='bbox 647 4063 797 4144; x_wconf 89' lang='lat' dir='ltr'>elegantia</span> <span class='ocrx_word' id='word_1_251' title='bbox 826 4066 943 4147; x_wconf 88' lang='lat' dir='ltr'>apicum</span> <span class='ocrx_word' id='word_1_252' title='bbox 971 4086 1042 4147; x_wconf 91' lang='lat' dir='ltr'>prae</span> <span class='ocrx_word' id='word_1_253' title='bbox 1070 4066 1172 4128; x_wconf 87' lang='lat' dir='ltr'>ceteris</span> <span class='ocrx_word' id='word_1_254' title='bbox 1200 4065 1326 4142; x_wconf 88' lang='lat' dir='ltr'>nitebat,</span> <span class='ocrx_word' id='word_1_255' title='bbox 1348 4076 1383 4129; x_wconf 92' lang='lat' dir='ltr'>ut</span> <span class='ocrx_word' id='word_1_256' title='bbox 1404 4066 1581 4130; x_wconf 88' lang='lat' dir='ltr'>suavissima</span> 
     </span>
     <span class='ocr_line' id='line_1_27' title="bbox 325 4164 1580 4250; baseline 0.002 -24"><span class='ocrx_word' id='word_1_257' title='bbox 325 4164 531 4227; x_wconf 86' lang='lat' dir='ltr'>sermocinatio</span> <span class='ocrx_word' id='word_1_258' title='bbox 557 4165 663 4227; x_wconf 90' lang='lat' dir='ltr'>mirum</span> <span class='ocrx_word' id='word_1_259' title='bbox 690 4176 836 4247; x_wconf 89' lang='lat' dir='ltr'>quantum</span> <span class='ocrx_word' id='word_1_260' title='bbox 866 4168 974 4230; x_wconf 91' lang='lat' dir='ltr'>amicos</span> <span class='ocrx_word' id='word_1_261' title='bbox 996 4166 1130 4242; x_wconf 87' lang='lat' dir='ltr'>tenebat,</span> <span class='ocrx_word' id='word_1_262' title='bbox 1163 4170 1334 4250; x_wconf 84' lang='lat' dir='ltr'>priusquam</span> <span class='ocrx_word' id='word_1_263' title='bbox 1362 4168 1456 4231; x_wconf 93' lang='lat' dir='ltr'>morbi</span> <span class='ocrx_word' id='word_1_264' title='bbox 1484 4169 1580 4249; x_wconf 90' lang='lat' dir='ltr'>ingra-</span> 
     </span>
     <span class='ocr_line' id='line_1_28' title="bbox 326 4267 1579 4351; baseline 0.001 -21"><span class='ocrx_word' id='word_1_265' title='bbox 326 4267 472 4330; x_wconf 87' lang='lat' dir='ltr'>vescentis</span> <span class='ocrx_word' id='word_1_266' title='bbox 500 4268 653 4331; x_wconf 91' lang='lat' dir='ltr'>tormentis</span> <span class='ocrx_word' id='word_1_267' title='bbox 681 4269 771 4331; x_wconf 88' lang='lat' dir='ltr'>animi</span> <span class='ocrx_word' id='word_1_268' title='bbox 801 4271 941 4332; x_wconf 89' lang='lat' dir='ltr'>serenitas</span> <span class='ocrx_word' id='word_1_269' title='bbox 974 4268 1125 4333; x_wconf 90' lang='lat' dir='ltr'>obscurari</span> <span class='ocrx_word' id='word_1_270' title='bbox 1157 4279 1261 4351; x_wconf 91' lang='lat' dir='ltr'>coepta</span> <span class='ocrx_word' id='word_1_271' title='bbox 1286 4280 1344 4345; x_wconf 87' lang='lat' dir='ltr'>est,</span> <span class='ocrx_word' id='word_1_272' title='bbox 1365 4270 1407 4331; x_wconf 90' lang='lat' dir='ltr'>ita</span> <span class='ocrx_word' id='word_1_273' title='bbox 1427 4279 1489 4332; x_wconf 92' lang='lat' dir='ltr'>tota</span> <span class='ocrx_word' id='word_1_274' title='bbox 1516 4270 1579 4331; x_wconf 87' lang='lat' dir='ltr'>eius</span> 
     </span>
     <span class='ocr_line' id='line_1_29' title="bbox 324 4372 1579 4454; baseline 0.001 -21"><span class='ocrx_word' id='word_1_275' title='bbox 324 4390 372 4432; x_wconf 90' lang='lat' dir='ltr'>ars</span> <span class='ocrx_word' id='word_1_276' title='bbox 399 4392 503 4434; x_wconf 88' lang='lat' dir='ltr'>versus</span> <span class='ocrx_word' id='word_1_277' title='bbox 530 4392 650 4454; x_wconf 87' lang='lat' dir='ltr'>graecos</span> <span class='ocrx_word' id='word_1_278' title='bbox 672 4381 705 4434; x_wconf 91' lang='lat' dir='ltr'>et</span> <span class='ocrx_word' id='word_1_279' title='bbox 731 4372 900 4454; x_wconf 86' lang='lat' dir='ltr'>explicandi</span> <span class='ocrx_word' id='word_1_280' title='bbox 926 4381 955 4434; x_wconf 91' lang='lat' dir='ltr'>et</span> <span class='ocrx_word' id='word_1_281' title='bbox 980 4373 1132 4454; x_wconf 90' lang='lat' dir='ltr'>pangendi</span> <span class='ocrx_word' id='word_1_282' title='bbox 1159 4374 1245 4454; x_wconf 85' lang='lat' dir='ltr'>(quas</span> <span class='ocrx_word' id='word_1_283' title='bbox 1265 4373 1367 4435; x_wconf 91' lang='lat' dir='ltr'>crebra</span> <span class='ocrx_word' id='word_1_284' title='bbox 1388 4372 1446 4435; x_wconf 83' lang='lat' dir='ltr'>fuit</span> <span class='ocrx_word' id='word_1_285' title='bbox 1467 4372 1579 4436; x_wconf 92' lang='lat' dir='ltr'>valenti</span> 
     </span>
     <span class='ocr_line' id='line_1_30' title="bbox 323 4473 1580 4558; baseline 0.003 -23"><span class='ocrx_word' id='word_1_286' title='bbox 323 4473 467 4538; x_wconf 85' lang='lat' dir='ltr'>relaxatio</span> <span class='ocrx_word' id='word_1_287' title='bbox 489 4474 574 4537; x_wconf 84' lang='lat' dir='ltr'>sicut</span> <span class='ocrx_word' id='word_1_288' title='bbox 591 4475 743 4537; x_wconf 89' lang='lat' dir='ltr'>emorienti</span> <span class='ocrx_word' id='word_1_289' title='bbox 770 4475 875 4536; x_wconf 90' lang='lat' dir='ltr'>ultima</span> <span class='ocrx_word' id='word_1_290' title='bbox 902 4473 1078 4554; x_wconf 88' lang='lat' dir='ltr'>consolatio)</span> <span class='ocrx_word' id='word_1_291' title='bbox 1108 4475 1274 4538; x_wconf 87' lang='lat' dir='ltr'>Praxiteleo</span> <span class='ocrx_word' id='word_1_292' title='bbox 1302 4476 1430 4557; x_wconf 90' lang='lat' dir='ltr'>quodam</span> <span class='ocrx_word' id='word_1_293' title='bbox 1457 4476 1580 4558; x_wconf 87' lang='lat' dir='ltr'>perfusa</span> 
     </span>
     <span class='ocr_line' id='line_1_31' title="bbox 323 4577 512 4641; baseline 0.016 -3"><span class='ocrx_word' id='word_1_294' title='bbox 323 4586 387 4639; x_wconf 89' lang='lat' dir='ltr'>erat</span> <span class='ocrx_word' id='word_1_295' title='bbox 408 4577 512 4641; x_wconf 90' lang='lat' dir='ltr'>nitore.</span> 
     </span>
    </p>

    <p class='ocr_par' dir='ltr' id='par_1_3' title="bbox 409 4679 1576 4762">
     <span class='ocr_line' id='line_1_32' title="bbox 409 4679 1576 4762; baseline 0.003 -22"><span class='ocrx_word' id='word_1_296' title='bbox 409 4679 497 4741; x_wconf 92' lang='lat' dir='ltr'>huius</span> <span class='ocrx_word' id='word_1_297' title='bbox 506 4679 595 4760; x_wconf 88' lang='lat' dir='ltr'>igitur</span> <span class='ocrx_word' id='word_1_298' title='bbox 606 4681 681 4741; x_wconf 89' lang='lat' dir='ltr'>tanti</span> <span class='ocrx_word' id='word_1_299' title='bbox 692 4680 746 4744; x_wconf 87' lang='lat' dir='ltr'>viri</span> <span class='ocrx_word' id='word_1_300' title='bbox 756 4681 892 4762; x_wconf 89' lang='lat' dir='ltr'>vestigiis,</span> <span class='ocrx_word' id='word_1_301' title='bbox 907 4681 1005 4762; x_wconf 89' lang='lat' dir='ltr'>quoad</span> <span class='ocrx_word' id='word_1_302' title='bbox 1020 4681 1082 4744; x_wconf 92' lang='lat' dir='ltr'>eius</span> <span class='ocrx_word' id='word_1_303' title='bbox 1097 4680 1211 4756; x_wconf 85' lang='lat' dir='ltr'>licebat,</span> <span class='ocrx_word' id='word_1_304' title='bbox 1227 4680 1360 4744; x_wconf 89' lang='lat' dir='ltr'>insistere</span> <span class='ocrx_word' id='word_1_305' title='bbox 1367 4681 1425 4744; x_wconf 90' lang='lat' dir='ltr'>hoc</span> <span class='ocrx_word' id='word_1_306' title='bbox 1436 4680 1576 4744; x_wconf 91' lang='lat' dir='ltr'>volumen</span> 
     </span>
    </p>
   </div>
   <div class='ocr_carea' id='block_1_3' title="bbox 0 0 2068 5617">
    <p class='ocr_par' dir='ltr' id='par_1_4' title="bbox 0 0 2068 5617">
     <span class='ocr_line' id='line_1_33' title="bbox 0 0 2068 5617; baseline 0 0"><span class='ocrx_word' id='word_1_307' title='bbox 0 0 2068 5617; x_wconf 95' lang='lat' dir='ltr'> </span> 
     </span>
    </p>
   </div>
  </div>
 </body>
</html>
