<?xml version="1.0" encoding="UTF-8"?>
<!DOCTYPE html PUBLIC "-//W3C//DTD XHTML 1.0 Transitional//EN"
    "http://www.w3.org/TR/xhtml1/DTD/xhtml1-transitional.dtd">
<html xmlns="http://www.w3.org/1999/xhtml" xml:lang="en" lang="en">
 <head>
  <title>
</title>
<meta http-equiv="Content-Type" content="text/html;charset=utf-8" />
  <meta name='ocr-system' content='tesseract 3.04.00' />
  <meta name='ocr-capabilities' content='ocr_page ocr_carea ocr_par ocr_line ocrx_word'/>
</head>
<body>
  <div class='ocr_page' id='page_1' title='image "./poetarvmphiloso00dielgoog_0208.png"; bbox 0 0 4117 5617; ppageno 0'>
   <div class='ocr_carea' id='block_1_1' title="bbox 455 558 1160 619">
    <p class='ocr_par' dir='ltr' id='par_1_1' title="bbox 455 558 1160 619">
     <span class='ocr_line' id='line_1_1' title="bbox 455 558 1160 619; baseline 0 -1"><span class='ocrx_word' id='word_1_1' title='bbox 455 558 516 619; x_wconf 74' lang='lat'><strong><em>178</em></strong></span> <span class='ocrx_word' id='word_1_2' title='bbox 1004 566 1028 616; x_wconf 88' lang='grc'><strong><em>9.</em></strong></span> <span class='ocrx_word' id='word_1_3' title='bbox 1045 562 1160 618; x_wconf 84' lang='lat' dir='ltr'><strong>TIMON</strong></span> 
     </span>
    </p>
   </div>
   <div class='ocr_carea' id='block_1_2' title="bbox 414 728 1752 1432">
    <p class='ocr_par' dir='ltr' id='par_1_2' title="bbox 414 728 1752 1432">
     <span class='ocr_line' id='line_1_2' title="bbox 452 728 1706 821; baseline 0.003 -25"><span class='ocrx_word' id='word_1_4' title='bbox 452 754 526 796; x_wconf 90' lang='grc' dir='ltr'><strong><em>τινα</em></strong></span> <span class='ocrx_word' id='word_1_5' title='bbox 543 731 678 816; x_wconf 78' lang='grc' dir='ltr'><strong><em>λέγουσι</em></strong></span> <span class='ocrx_word' id='word_1_6' title='bbox 693 731 887 814; x_wconf 88' lang='grc' dir='ltr'><strong><em>δεικνύντες,</em></strong></span> <span class='ocrx_word' id='word_1_7' title='bbox 911 728 1007 800; x_wconf 80' lang='grc' dir='ltr'><strong><em>ὁποῖ’</em></strong></span> <span class='ocrx_word' id='word_1_8' title='bbox 1025 739 1109 799; x_wconf 88' lang='grc' dir='ltr'><strong><em>άττα</em></strong></span> <span class='ocrx_word' id='word_1_9' title='bbox 1133 735 1185 821; x_wconf 86' lang='grc' dir='ltr'><strong><em>εἴη</em></strong></span> <span class='ocrx_word' id='word_1_10' title='bbox 1209 738 1250 797; x_wconf 87' lang='grc' dir='ltr'><strong><em>τά</em></strong></span> <span class='ocrx_word' id='word_1_11' title='bbox 1268 738 1455 820; x_wconf 79' lang='grc' dir='ltr'><strong><em>φαινόμενα</em></strong></span> <span class='ocrx_word' id='word_1_12' title='bbox 1477 739 1534 799; x_wconf 87' lang='grc' dir='ltr'><strong><em>καί</em></strong></span> <span class='ocrx_word' id='word_1_13' title='bbox 1557 739 1597 799; x_wconf 90' lang='grc' dir='ltr'><strong><em>τά</em></strong></span> <span class='ocrx_word' id='word_1_14' title='bbox 1621 731 1706 801; x_wconf 82' lang='grc' dir='ltr'><strong><em>καθ’</em></strong></span> 
     </span>
     <span class='ocr_line' id='line_1_3' title="bbox 452 833 1710 926; baseline 0.004 -29"><span class='ocrx_word' id='word_1_15' title='bbox 452 838 591 898; x_wconf 80' lang='grc' dir='ltr'><strong><em>ἕκαστα·</em></strong></span> <span class='ocrx_word' id='word_1_16' title='bbox 615 839 653 898; x_wconf 90' lang='grc' dir='ltr'><strong><em>τό</em></strong></span> <span class='ocrx_word' id='word_1_17' title='bbox 678 833 714 898; x_wconf 82' lang='grc' dir='ltr'><strong><em>δὲ</em></strong></span> <span class='ocrx_word' id='word_1_18' title='bbox 736 845 871 900; x_wconf 80' lang='grc' dir='ltr'><strong><em>τοιοῦτο</em></strong></span> <span class='ocrx_word' id='word_1_19' title='bbox 894 840 1048 901; x_wconf 80' lang='grc' dir='ltr'><strong><em>ἐστικαὶ</em></strong></span> <span class='ocrx_word' id='word_1_20' title='bbox 1071 837 1203 921; x_wconf 86' lang='grc' dir='ltr'><strong><em>λέγεται</em></strong></span> <span class='ocrx_word' id='word_1_21' title='bbox 1225 841 1352 913; x_wconf 90' lang='grc' dir='ltr'><strong><em>πίστις.</em></strong></span> <span class='ocrx_word' id='word_1_22' title='bbox 1392 841 1423 899; x_wconf 88' lang='grc' dir='ltr'><strong><em>εί</em></strong></span> <span class='ocrx_word' id='word_1_23' title='bbox 1444 840 1505 917; x_wconf 83' lang='grc' dir='ltr'><strong><em>μὲν</em></strong></span> <span class='ocrx_word' id='word_1_24' title='bbox 1528 840 1586 901; x_wconf 86' lang='grc' dir='ltr'><strong><em>οδν</em></strong></span> <span class='ocrx_word' id='word_1_25' title='bbox 1610 843 1710 926; x_wconf 82' lang='grc' dir='ltr'><strong><em>αύτῆι</em></strong></span> 
     </span>
     <span class='ocr_line' id='line_1_4' title="bbox 454 934 1706 1025; baseline 0.005 -27"><span class='ocrx_word' id='word_1_26' title='bbox 454 939 766 1019; x_wconf 73' lang='grc' dir='ltr'><strong><em>συγκατατίθενται,</em></strong></span> <span class='ocrx_word' id='word_1_27' title='bbox 790 936 891 1025; x_wconf 77' lang='grc' dir='ltr'><strong><em>δῆλον</em></strong></span> <span class='ocrx_word' id='word_1_28' title='bbox 907 942 961 1003; x_wconf 89' lang='grc' dir='ltr'><strong><em>ότι</em></strong></span> <span class='ocrx_word' id='word_1_29' title='bbox 983 936 1197 1017; x_wconf 84' lang='grc' dir='ltr'><strong><em>δοξάζουσιν·</em></strong></span> <span class='ocrx_word' id='word_1_30' title='bbox 1222 943 1254 1002; x_wconf 83' lang='grc' dir='ltr'><strong><em>εἰ</em></strong></span> <span class='ocrx_word' id='word_1_31' title='bbox 1269 937 1305 1002; x_wconf 86' lang='grc' dir='ltr'><strong><em>δ’</em></strong></span> <span class='ocrx_word' id='word_1_32' title='bbox 1321 943 1360 1002; x_wconf 89' lang='grc' dir='ltr'><strong><em>ού</em></strong></span> <span class='ocrx_word' id='word_1_33' title='bbox 1376 944 1607 1018; x_wconf 90' lang='grc' dir='ltr'><strong><em>πιστεύουσιν,</em></strong></span> <span class='ocrx_word' id='word_1_34' title='bbox 1632 934 1706 1004; x_wconf 78' lang='grc' dir='ltr'><strong><em>οὐδ’</em></strong></span> 
     </span>
     <span class='ocr_line' id='line_1_5' title="bbox 452 1036 1752 1128; baseline 0.005 -29"><span class='ocrx_word' id='word_1_35' title='bbox 452 1040 492 1100; x_wconf 80' lang='grc' dir='ltr'><strong><em>ἂν</em></strong></span> <span class='ocrx_word' id='word_1_36' title='bbox 514 1042 612 1122; x_wconf 83' lang='grc' dir='ltr'><strong><em>ημεῖς</em></strong></span> <span class='ocrx_word' id='word_1_37' title='bbox 637 1046 816 1123; x_wconf 80' lang='grc' dir='ltr'><strong><em>προσέχειν</em></strong></span> <span class='ocrx_word' id='word_1_38' title='bbox 845 1043 961 1117; x_wconf 81' lang='grc' dir='ltr'><strong><em>αὐτοῖς</em></strong></span> <span class='ocrx_word' id='word_1_39' title='bbox 989 1040 1248 1127; x_wconf 74' lang='grc' dir='ltr'><strong><em>βουληθείημεν.</em></strong></span> <span class='ocrx_word' id='word_1_40' title='bbox 1338 1044 1356 1103; x_wconf 91' lang='grc' dir='ltr'><strong><em>ό</em></strong></span> <span class='ocrx_word' id='word_1_41' title='bbox 1377 1062 1414 1124; x_wconf 89' lang='grc' dir='ltr'><strong><em>γε</em></strong></span> <span class='ocrx_word' id='word_1_42' title='bbox 1436 1036 1501 1128; x_wconf 78' lang='grc' dir='ltr'><strong><em>μην</em></strong></span> <span class='ocrx_word' id='word_1_43' title='bbox 1526 1045 1643 1121; x_wconf 91' lang='grc' dir='ltr'><strong><em>Τίμων</em></strong></span> <span class='ocrx_word' id='word_1_44' title='bbox 1667 1045 1752 1105; x_wconf 84' lang='grc' dir='ltr'><strong><em>ἐν14</em></strong></span> 
     </span>
     <span class='ocr_line' id='line_1_6' title="bbox 414 1137 1709 1230; baseline 0.008 -32"><span class='ocrx_word' id='word_1_45' title='bbox 414 1150 430 1198; x_wconf 83' lang='lat'><strong>5</strong></span> <span class='ocrx_word' id='word_1_46' title='bbox 451 1148 528 1203; x_wconf 81' lang='grc' dir='ltr'><strong><em>τῶι</em></strong></span> <span class='ocrx_word' id='word_1_47' title='bbox 548 1143 727 1204; x_wconf 90' lang='grc' dir='ltr'><strong><em>Πύθωνι</em></strong></span> <span class='ocrx_word' id='word_1_48' title='bbox 752 1137 799 1226; x_wconf 82' lang='lat' dir='ltr'><strong>[fr.</strong></span> <span class='ocrx_word' id='word_1_49' title='bbox 815 1137 867 1226; x_wconf 81' lang='lat'><strong><em>77]</em></strong></span> <span class='ocrx_word' id='word_1_50' title='bbox 885 1139 1052 1227; x_wconf 88' lang='grc' dir='ltr'><strong><em>διηγεῖται</em></strong></span> <span class='ocrx_word' id='word_1_51' title='bbox 1073 1148 1201 1230; x_wconf 92' lang='grc' dir='ltr'><strong><em>μακρόν</em></strong></span> <span class='ocrx_word' id='word_1_52' title='bbox 1223 1165 1299 1206; x_wconf 90' lang='grc' dir='ltr'><strong><em>τινα</em></strong></span> <span class='ocrx_word' id='word_1_53' title='bbox 1314 1144 1513 1219; x_wconf 84' lang='grc' dir='ltr'><strong><em>κατατείνας</em></strong></span> <span class='ocrx_word' id='word_1_54' title='bbox 1529 1142 1638 1226; x_wconf 92' lang='grc' dir='ltr'><strong><em>λόγον,</em></strong></span> <span class='ocrx_word' id='word_1_55' title='bbox 1662 1149 1709 1221; x_wconf 85' lang='grc' dir='ltr'><strong><em>ὡς</em></strong></span> 
     </span>
     <span class='ocr_line' id='line_1_7' title="bbox 452 1241 1710 1331; baseline 0.004 -27"><span class='ocrx_word' id='word_1_56' title='bbox 452 1244 583 1322; x_wconf 77' lang='grc' dir='ltr'><strong><em>ἐντύχοι</em></strong></span> <span class='ocrx_word' id='word_1_57' title='bbox 610 1250 674 1306; x_wconf 86' lang='grc' dir='ltr'><strong><em>τῶι</em></strong></span> <span class='ocrx_word' id='word_1_58' title='bbox 695 1246 857 1331; x_wconf 83' lang='grc' dir='ltr'><strong><em>Πύρρωνι</em></strong></span> <span class='ocrx_word' id='word_1_59' title='bbox 882 1242 1057 1327; x_wconf 83' lang='grc' dir='ltr'><strong><em>βαδίζοντι</em></strong></span> <span class='ocrx_word' id='word_1_60' title='bbox 1083 1241 1243 1308; x_wconf 90' lang='grc' dir='ltr'><strong><em>Πυθοῖδε</em></strong></span> <span class='ocrx_word' id='word_1_61' title='bbox 1271 1246 1365 1328; x_wconf 90' lang='grc' dir='ltr'><strong><em>παρά</em></strong></span> <span class='ocrx_word' id='word_1_62' title='bbox 1396 1246 1434 1306; x_wconf 90' lang='grc' dir='ltr'><strong><em>τό</em></strong></span> <span class='ocrx_word' id='word_1_63' title='bbox 1465 1247 1556 1330; x_wconf 84' lang='grc' dir='ltr'><strong><em>ἱερὸν</em></strong></span> <span class='ocrx_word' id='word_1_64' title='bbox 1584 1249 1624 1308; x_wconf 93' lang='grc' dir='ltr'><strong><em>τό</em></strong></span> <span class='ocrx_word' id='word_1_65' title='bbox 1648 1257 1710 1309; x_wconf 84' lang='grc' dir='ltr'><strong><em>τοῦ</em></strong></span> 
     </span>
     <span class='ocr_line' id='line_1_8' title="bbox 448 1335 1708 1432; baseline 0.005 -27"><span class='ocrx_word' id='word_1_66' title='bbox 448 1341 663 1430; x_wconf 84' lang='grc' dir='ltr'><strong><em>Ἀμφιαράου</em></strong></span> <span class='ocrx_word' id='word_1_67' title='bbox 685 1348 743 1408; x_wconf 82' lang='grc' dir='ltr'><strong><em>καί</em></strong></span> <span class='ocrx_word' id='word_1_68' title='bbox 765 1349 839 1409; x_wconf 90' lang='grc' dir='ltr'><strong><em>τίνα</em></strong></span> <span class='ocrx_word' id='word_1_69' title='bbox 863 1344 1076 1427; x_wconf 89' lang='grc' dir='ltr'><strong><em>διαλεχθεῖεν</em></strong></span> <span class='ocrx_word' id='word_1_70' title='bbox 1103 1345 1271 1432; x_wconf 80' lang='grc' dir='ltr'><strong><em>ἀλληλοις.</em></strong></span> <span class='ocrx_word' id='word_1_71' title='bbox 1316 1335 1372 1431; x_wconf 79' lang='grc' dir='ltr'><strong><em>ἆρ’</em></strong></span> <span class='ocrx_word' id='word_1_72' title='bbox 1400 1346 1458 1408; x_wconf 82' lang='grc' dir='ltr'><strong><em>οδν</em></strong></span> <span class='ocrx_word' id='word_1_73' title='bbox 1480 1350 1538 1409; x_wconf 89' lang='grc' dir='ltr'><strong><em>ούκ</em></strong></span> <span class='ocrx_word' id='word_1_74' title='bbox 1561 1346 1708 1430; x_wconf 80' lang='grc' dir='ltr'><strong><em>εὐλόγως</em></strong></span> 
     </span>
    </p>
   </div>
   <div class='ocr_carea' id='block_1_3' title="bbox 396 1441 1748 4185">
    <p class='ocr_par' dir='ltr' id='par_1_3' title="bbox 396 1441 1748 4185">
     <span class='ocr_line' id='line_1_9' title="bbox 451 1441 1706 1535; baseline 0.004 -27"><span class='ocrx_word' id='word_1_75' title='bbox 451 1448 492 1509; x_wconf 90' lang='grc' dir='ltr'><strong><em>άν</em></strong></span> <span class='ocrx_word' id='word_1_76' title='bbox 514 1468 567 1522; x_wconf 86' lang='grc' dir='ltr'><strong><em>τις</em></strong></span> <span class='ocrx_word' id='word_1_77' title='bbox 588 1450 695 1510; x_wconf 82' lang='grc' dir='ltr'><strong><em>αύτῶι</em></strong></span> <span class='ocrx_word' id='word_1_78' title='bbox 717 1456 822 1512; x_wconf 83' lang='grc' dir='ltr'><strong><em>ταῦτα</em></strong></span> <span class='ocrx_word' id='word_1_79' title='bbox 847 1452 1075 1535; x_wconf 79' lang='grc' dir='ltr'><strong><em>συγγράφοντι</em></strong></span> <span class='ocrx_word' id='word_1_80' title='bbox 1095 1450 1275 1533; x_wconf 88' lang='grc' dir='ltr'><strong><em>παραστάς</em></strong></span> <span class='ocrx_word' id='word_1_81' title='bbox 1298 1448 1408 1510; x_wconf 83' lang='grc' dir='ltr'><strong><em>εἴποι·</em></strong></span> <span class='ocrx_word' id='word_1_82' title='bbox 1429 1441 1492 1525; x_wconf 49' lang='grc' dir='ltr'><strong><em>(τί,</em></strong></span> <span class='ocrx_word' id='word_1_83' title='bbox 1516 1449 1543 1512; x_wconf 83' lang='grc' dir='ltr'><em>ὦ</em></span> <span class='ocrx_word' id='word_1_84' title='bbox 1567 1456 1706 1535; x_wconf 90' lang='grc' dir='ltr'><strong><em>πονηρέ,</em></strong></span> 
     </span>
     <span class='ocr_line' id='line_1_10' title="bbox 451 1546 1704 1636; baseline 0.004 -26"><span class='ocrx_word' id='word_1_85' title='bbox 451 1546 597 1628; x_wconf 79' lang='grc' dir='ltr'><strong><em>ἐνοχλεῖς</em></strong></span> <span class='ocrx_word' id='word_1_86' title='bbox 614 1558 759 1612; x_wconf 86' lang='grc' dir='ltr'><strong><em>σεαυτῶι</em></strong></span> <span class='ocrx_word' id='word_1_87' title='bbox 781 1559 886 1613; x_wconf 83' lang='grc' dir='ltr'><strong><em>ταῦτα</em></strong></span> <span class='ocrx_word' id='word_1_88' title='bbox 911 1552 1113 1635; x_wconf 92' lang='grc' dir='ltr'><strong><em>συγγράφων</em></strong></span> <span class='ocrx_word' id='word_1_89' title='bbox 1134 1552 1192 1611; x_wconf 83' lang='grc' dir='ltr'><strong><em>καὶ</em></strong></span> <span class='ocrx_word' id='word_1_90' title='bbox 1215 1552 1235 1610; x_wconf 85' lang='grc' dir='ltr'><em>ἃ</em></span> <span class='ocrx_word' id='word_1_91' title='bbox 1258 1553 1302 1636; x_wconf 80' lang='grc' dir='ltr'><strong><em>μὴ</em></strong></span> <span class='ocrx_word' id='word_1_92' title='bbox 1328 1549 1435 1613; x_wconf 83' lang='grc' dir='ltr'><strong><em>οἶσθα</em></strong></span> <span class='ocrx_word' id='word_1_93' title='bbox 1455 1546 1704 1635; x_wconf 80' lang='grc' dir='ltr'><strong><em>διηγούμενος;’</em></strong></span> 
     </span>
     <span class='ocr_line' id='line_1_11' title="bbox 399 1649 1706 1740; baseline 0.005 -30"><span class='ocrx_word' id='word_1_94' title='bbox 399 1659 429 1709; x_wconf 82' lang='lat'><strong><em>10</em></strong></span> <span class='ocrx_word' id='word_1_95' title='bbox 451 1653 486 1713; x_wconf 87' lang='grc' dir='ltr'><strong><em>τί</em></strong></span> <span class='ocrx_word' id='word_1_96' title='bbox 507 1652 568 1736; x_wconf 89' lang='grc' dir='ltr'><strong><em>γάρ</em></strong></span> <span class='ocrx_word' id='word_1_97' title='bbox 591 1650 720 1730; x_wconf 86' lang='grc' dir='ltr'><strong><em>μᾶλλον</em></strong></span> <span class='ocrx_word' id='word_1_98' title='bbox 743 1655 933 1738; x_wconf 85' lang='grc' dir='ltr'><strong><em>ἐνέτυχεςῆ</em></strong></span> <span class='ocrx_word' id='word_1_99' title='bbox 958 1655 1015 1715; x_wconf 90' lang='grc' dir='ltr'><strong><em>ούκ</em></strong></span> <span class='ocrx_word' id='word_1_100' title='bbox 1038 1655 1186 1730; x_wconf 78' lang='grc' dir='ltr'><strong><em>ἐνέτυχες</em></strong></span> <span class='ocrx_word' id='word_1_101' title='bbox 1203 1653 1318 1729; x_wconf 85' lang='grc' dir='ltr'><strong><em>αύτῶι,</em></strong></span> <span class='ocrx_word' id='word_1_102' title='bbox 1341 1655 1398 1715; x_wconf 87' lang='grc' dir='ltr'><strong><em>καί</em></strong></span> <span class='ocrx_word' id='word_1_103' title='bbox 1422 1649 1601 1738; x_wconf 90' lang='grc' dir='ltr'><strong><em>διελέχθης</em></strong></span> <span class='ocrx_word' id='word_1_104' title='bbox 1622 1656 1643 1740; x_wconf 69' lang='grc' dir='ltr'><strong><em>η’</em></strong></span> <span class='ocrx_word' id='word_1_105' title='bbox 1668 1658 1706 1717; x_wconf 91' lang='grc' dir='ltr'><strong><em>ού</em></strong></span> 
     </span>
     <span class='ocr_line' id='line_1_12' title="bbox 451 1750 1748 1841; baseline 0.002 -26"><span class='ocrx_word' id='word_1_106' title='bbox 451 1750 647 1838; x_wconf 87' lang='grc' dir='ltr'><strong><em>διελέχθης,·</em></strong></span> <span class='ocrx_word' id='word_1_107' title='bbox 734 1756 835 1830; x_wconf 88' lang='grc' dir='ltr'><strong><em>αύτός</em></strong></span> <span class='ocrx_word' id='word_1_108' title='bbox 854 1776 891 1817; x_wconf 90' lang='grc' dir='ltr'><strong><em>τε</em></strong></span> <span class='ocrx_word' id='word_1_109' title='bbox 906 1758 1032 1831; x_wconf 85' lang='grc' dir='ltr'><strong><em>ἐκεῖνος</em></strong></span> <span class='ocrx_word' id='word_1_110' title='bbox 1055 1756 1292 1832; x_wconf 87' lang='grc' dir='ltr'><strong><em>όθαυμαστός</em></strong></span> <span class='ocrx_word' id='word_1_111' title='bbox 1307 1756 1453 1840; x_wconf 88' lang='grc' dir='ltr'><strong><em>Πύρρων</em></strong></span> <span class='ocrx_word' id='word_1_112' title='bbox 1476 1755 1541 1841; x_wconf 82' lang='grc' dir='ltr'><strong><em>ἆρά</em></strong></span> <span class='ocrx_word' id='word_1_113' title='bbox 1563 1776 1601 1838; x_wconf 91' lang='grc' dir='ltr'><strong><em>γε</em></strong></span> <span class='ocrx_word' id='word_1_114' title='bbox 1617 1753 1706 1841; x_wconf 83' lang='grc' dir='ltr'><strong><em>ἤιδει</em></strong></span> <span class='ocrx_word' id='word_1_115' title='bbox 1716 1759 1748 1818; x_wconf 81' lang='grc'><strong><em>15</em></strong></span> 
     </span>
     <span class='ocr_line' id='line_1_13' title="bbox 450 1851 1705 1942; baseline 0.005 -27"><span class='ocrx_word' id='word_1_116' title='bbox 450 1857 536 1930; x_wconf 87' lang='grc' dir='ltr'><strong><em>τότε,</em></strong></span> <span class='ocrx_word' id='word_1_117' title='bbox 561 1851 651 1917; x_wconf 88' lang='grc' dir='ltr'><strong><em>διότι</em></strong></span> <span class='ocrx_word' id='word_1_118' title='bbox 673 1851 809 1937; x_wconf 80' lang='grc' dir='ltr'><strong><em>βαδίζοι</em></strong></span> <span class='ocrx_word' id='word_1_119' title='bbox 830 1858 953 1920; x_wconf 92' lang='grc' dir='ltr'><strong><em>Πύθια</em></strong></span> <span class='ocrx_word' id='word_1_120' title='bbox 976 1858 1200 1935; x_wconf 84' lang='grc' dir='ltr'><strong><em>θεασόμενος,</em></strong></span> <span class='ocrx_word' id='word_1_121' title='bbox 1228 1857 1248 1941; x_wconf 80' lang='grc' dir='ltr'><em>ἢ</em></span> <span class='ocrx_word' id='word_1_122' title='bbox 1271 1859 1432 1940; x_wconf 89' lang='grc' dir='ltr'><strong><em>καθάπερ</em></strong></span> <span class='ocrx_word' id='word_1_123' title='bbox 1463 1859 1497 1919; x_wconf 84' lang='grc' dir='ltr'><strong><em>οἱ</em></strong></span> <span class='ocrx_word' id='word_1_124' title='bbox 1518 1861 1705 1942; x_wconf 91' lang='grc' dir='ltr'><strong><em>μεμηνότες</em></strong></span> 
     </span>
     <span class='ocr_line' id='line_1_14' title="bbox 411 1949 1705 2045; baseline 0.005 -28"><span class='ocrx_word' id='word_1_125' title='bbox 411 2011 414 2017; x_wconf 94' lang='grc'><strong><em>.</em></strong></span> <span class='ocrx_word' id='word_1_126' title='bbox 450 1953 621 2019; x_wconf 78' lang='grc' dir='ltr'><strong><em>ἐπλανᾶτο</em></strong></span> <span class='ocrx_word' id='word_1_127' title='bbox 636 1959 721 2019; x_wconf 89' lang='grc' dir='ltr'><strong><em>κατά</em></strong></span> <span class='ocrx_word' id='word_1_128' title='bbox 744 1960 803 2045; x_wconf 83' lang='grc' dir='ltr'><strong><em>την</em></strong></span> <span class='ocrx_word' id='word_1_129' title='bbox 826 1955 922 2035; x_wconf 91' lang='grc' dir='ltr'><strong><em>δδόν,·</em></strong></span> <span class='ocrx_word' id='word_1_130' title='bbox 942 1962 1040 2044; x_wconf 80' lang='grc' dir='ltr'><strong><em>ηνίκα</em></strong></span> <span class='ocrx_word' id='word_1_131' title='bbox 1065 1949 1096 2021; x_wconf 76' lang='grc' dir='ltr'><strong><em>δ’</em></strong></span> <span class='ocrx_word' id='word_1_132' title='bbox 1116 1956 1241 2044; x_wconf 77' lang='grc' dir='ltr'><strong><em>ἤρξατο</em></strong></span> <span class='ocrx_word' id='word_1_133' title='bbox 1264 1964 1462 2044; x_wconf 86' lang='grc' dir='ltr'><strong><em>κατηγορεῖν</em></strong></span> <span class='ocrx_word' id='word_1_134' title='bbox 1485 1967 1552 2021; x_wconf 84' lang='grc' dir='ltr'><strong><em>τῶν</em></strong></span> <span class='ocrx_word' id='word_1_135' title='bbox 1568 1960 1705 2045; x_wconf 86' lang='grc' dir='ltr'><strong><em>ἀνθρώ-</em></strong></span> 
     </span>
     <span class='ocr_line' id='line_1_15' title="bbox 449 2058 1704 2146; baseline 0.004 -27"><span class='ocrx_word' id='word_1_136' title='bbox 449 2078 525 2120; x_wconf 88' lang='grc' dir='ltr'><strong><em>πων</em></strong></span> <span class='ocrx_word' id='word_1_137' title='bbox 546 2060 604 2120; x_wconf 86' lang='grc' dir='ltr'><strong><em>καί</em></strong></span> <span class='ocrx_word' id='word_1_138' title='bbox 626 2067 685 2145; x_wconf 78' lang='grc' dir='ltr'><strong><em>τῆς</em></strong></span> <span class='ocrx_word' id='word_1_139' title='bbox 708 2061 827 2137; x_wconf 87' lang='grc' dir='ltr'><strong><em>άνοίας</em></strong></span> <span class='ocrx_word' id='word_1_140' title='bbox 849 2062 968 2138; x_wconf 81' lang='grc' dir='ltr'><strong><em>αὐτῶν,</em></strong></span> <span class='ocrx_word' id='word_1_141' title='bbox 994 2068 1111 2146; x_wconf 83' lang='grc' dir='ltr'><strong><em>φῶμεν</em></strong></span> <span class='ocrx_word' id='word_1_142' title='bbox 1134 2062 1235 2122; x_wconf 87' lang='grc' dir='ltr'><strong><em>αύτόν</em></strong></span> <span class='ocrx_word' id='word_1_143' title='bbox 1258 2058 1371 2146; x_wconf 86' lang='grc' dir='ltr'><strong><em>άληθῆ</em></strong></span> <span class='ocrx_word' id='word_1_144' title='bbox 1396 2058 1502 2142; x_wconf 90' lang='grc' dir='ltr'><strong><em>λέγειν</em></strong></span> <span class='ocrx_word' id='word_1_145' title='bbox 1524 2062 1544 2145; x_wconf 97' lang='grc' dir='ltr'><strong><em>η</em></strong></span> <span class='ocrx_word' id='word_1_146' title='bbox 1566 2063 1624 2146; x_wconf 81' lang='grc' dir='ltr'><strong><em>μη,</em></strong></span> <span class='ocrx_word' id='word_1_147' title='bbox 1647 2064 1704 2124; x_wconf 85' lang='grc' dir='ltr'><strong><em>καί</em></strong></span> 
     </span>
     <span class='ocr_line' id='line_1_16' title="bbox 398 2160 1703 2249; baseline 0.005 -30"><span class='ocrx_word' id='word_1_148' title='bbox 398 2168 427 2218; x_wconf 75' lang='lat'><strong><em>15</em></strong></span> <span class='ocrx_word' id='word_1_149' title='bbox 448 2162 506 2223; x_wconf 88' lang='grc' dir='ltr'><strong><em>τὸν</em></strong></span> <span class='ocrx_word' id='word_1_150' title='bbox 524 2163 663 2239; x_wconf 91' lang='grc' dir='ltr'><strong><em>Τίμωνα</em></strong></span> <span class='ocrx_word' id='word_1_151' title='bbox 679 2164 810 2225; x_wconf 87' lang='grc' dir='ltr'><strong><em>παθεῖν</em></strong></span> <span class='ocrx_word' id='word_1_152' title='bbox 832 2184 867 2225; x_wconf 90' lang='grc' dir='ltr'><strong><em>τι</em></strong></span> <span class='ocrx_word' id='word_1_153' title='bbox 881 2165 937 2225; x_wconf 86' lang='grc' dir='ltr'><strong><em>καί</em></strong></span> <span class='ocrx_word' id='word_1_154' title='bbox 954 2165 1237 2244; x_wconf 87' lang='grc' dir='ltr'><strong><em>συγκαταθέσθαι</em></strong></span> <span class='ocrx_word' id='word_1_155' title='bbox 1258 2167 1332 2237; x_wconf 80' lang='grc' dir='ltr'><strong><em>τοῖς</em></strong></span> <span class='ocrx_word' id='word_1_156' title='bbox 1348 2160 1460 2244; x_wconf 93' lang='grc' dir='ltr'><strong><em>λόγοις</em></strong></span> <span class='ocrx_word' id='word_1_157' title='bbox 1482 2163 1502 2247; x_wconf 81' lang='grc' dir='ltr'><em>ἢ</em></span> <span class='ocrx_word' id='word_1_158' title='bbox 1525 2164 1570 2248; x_wconf 79' lang='grc' dir='ltr'>μή</span> <span class='ocrx_word' id='word_1_159' title='bbox 1595 2183 1703 2249; x_wconf 92' lang='grc' dir='ltr'><strong><em>προσ-</em></strong></span> 
     </span>
     <span class='ocr_line' id='line_1_17' title="bbox 449 2264 1705 2352; baseline 0.005 -29"><span class='ocrx_word' id='word_1_160' title='bbox 449 2266 556 2340; x_wconf 72' lang='grc' dir='ltr'><strong><em>έχειν,</em></strong></span> <span class='ocrx_word' id='word_1_161' title='bbox 584 2265 615 2324; x_wconf 91' lang='grc' dir='ltr'><strong><em>εί</em></strong></span> <span class='ocrx_word' id='word_1_162' title='bbox 641 2264 702 2341; x_wconf 83' lang='grc' dir='ltr'><strong><em>μὲν</em></strong></span> <span class='ocrx_word' id='word_1_163' title='bbox 731 2265 792 2349; x_wconf 92' lang='grc' dir='ltr'><strong><em>γάρ</em></strong></span> <span class='ocrx_word' id='word_1_164' title='bbox 827 2267 884 2326; x_wconf 87' lang='grc' dir='ltr'><strong><em>ούκ</em></strong></span> <span class='ocrx_word' id='word_1_165' title='bbox 913 2265 1080 2348; x_wconf 86' lang='grc' dir='ltr'><strong><em>ἐπείσθη,</em></strong></span> <span class='ocrx_word' id='word_1_166' title='bbox 1110 2273 1185 2339; x_wconf 84' lang='grc' dir='ltr'><strong><em>πῶς</em></strong></span> <span class='ocrx_word' id='word_1_167' title='bbox 1214 2265 1289 2326; x_wconf 85' lang='grc' dir='ltr'><strong><em>άντί</em></strong></span> <span class='ocrx_word' id='word_1_168' title='bbox 1318 2272 1481 2348; x_wconf 84' lang='grc' dir='ltr'><strong><em>χορευτού</em></strong></span> <span class='ocrx_word' id='word_1_169' title='bbox 1509 2264 1705 2352; x_wconf 88' lang='grc' dir='ltr'><strong><em>φιλόσοφος</em></strong></span> 
     </span>
     <span class='ocr_line' id='line_1_18' title="bbox 449 2361 1704 2451; baseline 0.006 -26"><span class='ocrx_word' id='word_1_170' title='bbox 449 2366 578 2446; x_wconf 83' lang='grc' dir='ltr'><strong><em>ἐγένετο</em></strong></span> <span class='ocrx_word' id='word_1_171' title='bbox 601 2367 658 2426; x_wconf 85' lang='grc' dir='ltr'><strong><em>καὶ</em></strong></span> <span class='ocrx_word' id='word_1_172' title='bbox 680 2367 738 2427; x_wconf 90' lang='grc' dir='ltr'><strong><em>τόν</em></strong></span> <span class='ocrx_word' id='word_1_173' title='bbox 760 2368 929 2451; x_wconf 91' lang='grc' dir='ltr'><strong><em>Πύρρωνα</em></strong></span> <span class='ocrx_word' id='word_1_174' title='bbox 953 2363 1120 2428; x_wconf 90' lang='grc' dir='ltr'><strong><em>διετέλεσε</em></strong></span> <span class='ocrx_word' id='word_1_175' title='bbox 1135 2361 1321 2444; x_wconf 88' lang='grc' dir='ltr'><strong><em>θαυμάζων</em></strong></span> <span class='ocrx_word' id='word_1_176' title='bbox 1328 2388 1339 2440; x_wconf 88' lang='grc'><strong><em>;</em></strong></span> <span class='ocrx_word' id='word_1_177' title='bbox 1361 2368 1392 2428; x_wconf 90' lang='grc' dir='ltr'><strong><em>εί</em></strong></span> <span class='ocrx_word' id='word_1_178' title='bbox 1415 2362 1451 2427; x_wconf 83' lang='grc' dir='ltr'><strong><em>δέ</em></strong></span> <span class='ocrx_word' id='word_1_179' title='bbox 1476 2370 1704 2449; x_wconf 87' lang='grc' dir='ltr'><strong><em>συγκατέθετο</em></strong></span> 
     </span>
     <span class='ocr_line' id='line_1_19' title="bbox 449 2463 1704 2555; baseline 0.005 -29"><span class='ocrx_word' id='word_1_180' title='bbox 449 2470 523 2540; x_wconf 90' lang='grc' dir='ltr'><strong><em>τοῖς</em></strong></span> <span class='ocrx_word' id='word_1_181' title='bbox 545 2463 747 2547; x_wconf 88' lang='grc' dir='ltr'><strong><em>λεγομένοις,</em></strong></span> <span class='ocrx_word' id='word_1_182' title='bbox 775 2470 907 2542; x_wconf 89' lang='grc' dir='ltr'><strong><em>άτοπος</em></strong></span> <span class='ocrx_word' id='word_1_183' title='bbox 929 2468 970 2529; x_wconf 88' lang='grc' dir='ltr'><strong><em>άν</em></strong></span> <span class='ocrx_word' id='word_1_184' title='bbox 993 2467 1045 2552; x_wconf 84' lang='grc' dir='ltr'><strong><em>εἴη</em></strong></span> <span class='ocrx_word' id='word_1_185' title='bbox 1075 2489 1137 2544; x_wconf 91' lang='grc' dir='ltr'><strong><em>τις,</em></strong></span> <span class='ocrx_word' id='word_1_186' title='bbox 1169 2470 1270 2542; x_wconf 91' lang='grc' dir='ltr'><strong><em>αύτός</em></strong></span> <span class='ocrx_word' id='word_1_187' title='bbox 1291 2470 1353 2546; x_wconf 83' lang='grc' dir='ltr'><strong><em>μὲν</em></strong></span> <span class='ocrx_word' id='word_1_188' title='bbox 1377 2465 1592 2554; x_wconf 81' lang='grc' dir='ltr'><strong><em>φιλοσοφῶν,</em></strong></span> <span class='ocrx_word' id='word_1_189' title='bbox 1615 2475 1704 2555; x_wconf 85' lang='grc' dir='ltr'><strong><em>ημάς</em></strong></span> 
     </span>
     <span class='ocr_line' id='line_1_20' title="bbox 449 2562 1747 2647; baseline 0.006 -20"><span class='ocrx_word' id='word_1_190' title='bbox 449 2562 485 2628; x_wconf 81' lang='grc' dir='ltr'><strong><em>δὲ</em></strong></span> <span class='ocrx_word' id='word_1_191' title='bbox 500 2564 647 2629; x_wconf 92' lang='grc' dir='ltr'><strong><em>κωλύων.</em></strong></span> <span class='ocrx_word' id='word_1_192' title='bbox 735 2565 854 2642; x_wconf 85' lang='grc' dir='ltr'><strong><em>ἁπλῶς</em></strong></span> <span class='ocrx_word' id='word_1_193' title='bbox 876 2565 912 2630; x_wconf 83' lang='grc' dir='ltr'><strong><em>δὲ</em></strong></span> <span class='ocrx_word' id='word_1_194' title='bbox 927 2570 1110 2647; x_wconf 91' lang='grc' dir='ltr'><strong><em>θαυμάσαι</em></strong></span> <span class='ocrx_word' id='word_1_195' title='bbox 1132 2590 1185 2644; x_wconf 86' lang='grc' dir='ltr'><strong><em>τις</em></strong></span> <span class='ocrx_word' id='word_1_196' title='bbox 1207 2572 1257 2646; x_wconf 89' lang='grc' dir='ltr'><strong><em>άν,</em></strong></span> <span class='ocrx_word' id='word_1_197' title='bbox 1282 2571 1316 2631; x_wconf 88' lang='grc' dir='ltr'><strong><em>οί</em></strong></span> <span class='ocrx_word' id='word_1_198' title='bbox 1334 2571 1490 2647; x_wconf 89' lang='grc' dir='ltr'><strong><em>Τίμωνος</em></strong></span> <span class='ocrx_word' id='word_1_199' title='bbox 1511 2569 1625 2634; x_wconf 93' lang='grc' dir='ltr'><strong><em>σίλλοι</em></strong></span> <span class='ocrx_word' id='word_1_200' title='bbox 1646 2575 1703 2635; x_wconf 85' lang='grc' dir='ltr'><strong><em>καί</em></strong></span> <span class='ocrx_word' id='word_1_201' title='bbox 1714 2575 1747 2635; x_wconf 86' lang='grc'><strong><em>16</em></strong></span> 
     </span>
     <span class='ocr_line' id='line_1_21' title="bbox 396 2669 1704 2757; baseline 0.008 -31"><span class='ocrx_word' id='word_1_202' title='bbox 396 2675 426 2725; x_wconf 75' lang='lat'><strong><em>20</em></strong></span> <span class='ocrx_word' id='word_1_203' title='bbox 448 2673 485 2731; x_wconf 91' lang='grc' dir='ltr'><strong><em>αί</em></strong></span> <span class='ocrx_word' id='word_1_204' title='bbox 500 2671 584 2731; x_wconf 90' lang='grc' dir='ltr'><strong><em>κατά</em></strong></span> <span class='ocrx_word' id='word_1_205' title='bbox 601 2672 739 2732; x_wconf 90' lang='grc' dir='ltr'><strong><em>πάντων</em></strong></span> <span class='ocrx_word' id='word_1_206' title='bbox 755 2671 952 2754; x_wconf 86' lang='grc' dir='ltr'><strong><em>ἀνθρώπων</em></strong></span> <span class='ocrx_word' id='word_1_207' title='bbox 966 2669 1185 2757; x_wconf 75' lang='grc' dir='ltr'><strong><em>βλασφημίαι</em></strong></span> <span class='ocrx_word' id='word_1_208' title='bbox 1199 2673 1256 2732; x_wconf 84' lang='grc' dir='ltr'><strong><em>καὶ</em></strong></span> <span class='ocrx_word' id='word_1_209' title='bbox 1276 2674 1312 2733; x_wconf 85' lang='grc' dir='ltr'><strong><em>αἱ</em></strong></span> <span class='ocrx_word' id='word_1_210' title='bbox 1327 2674 1453 2756; x_wconf 85' lang='grc' dir='ltr'><strong><em>μακραί</em></strong></span> <span class='ocrx_word' id='word_1_211' title='bbox 1471 2677 1704 2751; x_wconf 89' lang='grc' dir='ltr'><strong><em>στοιχειώσεις</em></strong></span> 
     </span>
     <span class='ocr_line' id='line_1_22' title="bbox 448 2769 1703 2859; baseline 0.006 -26"><span class='ocrx_word' id='word_1_212' title='bbox 448 2769 689 2857; x_wconf 79' lang='grc' dir='ltr'><strong><em>Αἰνησιδήμου</em></strong></span> <span class='ocrx_word' id='word_1_213' title='bbox 712 2774 769 2835; x_wconf 83' lang='grc' dir='ltr'><strong><em>καί</em></strong></span> <span class='ocrx_word' id='word_1_214' title='bbox 791 2778 861 2848; x_wconf 86' lang='grc' dir='ltr'><strong><em>πός</em></strong></span> <span class='ocrx_word' id='word_1_215' title='bbox 883 2775 1073 2847; x_wconf 83' lang='grc' dir='ltr'><strong><em>ότοιούτος</em></strong></span> <span class='ocrx_word' id='word_1_216' title='bbox 1097 2771 1195 2851; x_wconf 92' lang='grc' dir='ltr'><strong><em>όχλος</em></strong></span> <span class='ocrx_word' id='word_1_217' title='bbox 1217 2781 1284 2835; x_wconf 83' lang='grc' dir='ltr'><strong><em>τῶν</em></strong></span> <span class='ocrx_word' id='word_1_218' title='bbox 1300 2772 1408 2856; x_wconf 89' lang='grc' dir='ltr'><strong><em>λόγων</em></strong></span> <span class='ocrx_word' id='word_1_219' title='bbox 1430 2776 1465 2835; x_wconf 90' lang='grc' dir='ltr'><strong><em>τί</em></strong></span> <span class='ocrx_word' id='word_1_220' title='bbox 1481 2771 1610 2859; x_wconf 79' lang='grc' dir='ltr'><strong><em>δήποτε</em></strong></span> <span class='ocrx_word' id='word_1_221' title='bbox 1624 2778 1703 2857; x_wconf 89' lang='grc' dir='ltr'><strong><em>βού-</em></strong></span> 
     </span>
     <span class='ocr_line' id='line_1_23' title="bbox 448 2871 1704 2960; baseline 0.004 -25"><span class='ocrx_word' id='word_1_222' title='bbox 448 2871 543 2936; x_wconf 88' lang='grc' dir='ltr'><strong><em>λεται</em></strong></span> <span class='ocrx_word' id='word_1_223' title='bbox 565 2877 690 2950; x_wconf 81' lang='grc' dir='ltr'><strong><em>αὐτοῖς.</em></strong></span> <span class='ocrx_word' id='word_1_224' title='bbox 735 2876 767 2937; x_wconf 86' lang='grc' dir='ltr'><strong><em>εί</em></strong></span> <span class='ocrx_word' id='word_1_225' title='bbox 787 2876 848 2952; x_wconf 79' lang='grc' dir='ltr'><strong><em>μὲν</em></strong></span> <span class='ocrx_word' id='word_1_226' title='bbox 869 2876 931 2958; x_wconf 89' lang='grc' dir='ltr'><strong><em>γάρ</em></strong></span> <span class='ocrx_word' id='word_1_227' title='bbox 956 2876 1108 2953; x_wconf 82' lang='grc' dir='ltr'><strong><em>οἰόμενοι</em></strong></span> <span class='ocrx_word' id='word_1_228' title='bbox 1129 2876 1299 2958; x_wconf 88' lang='grc' dir='ltr'><strong><em>κρείττους</em></strong></span> <span class='ocrx_word' id='word_1_229' title='bbox 1321 2880 1410 2960; x_wconf 83' lang='grc' dir='ltr'><strong><em>ημᾶς</em></strong></span> <span class='ocrx_word' id='word_1_230' title='bbox 1433 2877 1704 2960; x_wconf 80' lang='grc' dir='ltr'><strong><em>ἀπεργάσασθαι</em></strong></span> 
     </span>
     <span class='ocr_line' id='line_1_24' title="bbox 448 2973 1703 3063; baseline 0.005 -26"><span class='ocrx_word' id='word_1_231' title='bbox 448 2985 552 3039; x_wconf 82' lang='grc' dir='ltr'><strong><em>ταῦτα</em></strong></span> <span class='ocrx_word' id='word_1_232' title='bbox 567 2980 767 3063; x_wconf 86' lang='grc' dir='ltr'><strong><em>γεγράφασι,</em></strong></span> <span class='ocrx_word' id='word_1_233' title='bbox 790 2979 847 3039; x_wconf 85' lang='grc' dir='ltr'><strong><em>καὶ</em></strong></span> <span class='ocrx_word' id='word_1_234' title='bbox 869 2973 925 3038; x_wconf 91' lang='grc' dir='ltr'><strong><em>διά</em></strong></span> <span class='ocrx_word' id='word_1_235' title='bbox 942 2984 1040 3038; x_wconf 87' lang='grc' dir='ltr'><strong><em>τούτο</em></strong></span> <span class='ocrx_word' id='word_1_236' title='bbox 1057 2979 1190 3052; x_wconf 89' lang='grc' dir='ltr'><strong><em>πάντας</em></strong></span> <span class='ocrx_word' id='word_1_237' title='bbox 1205 2976 1337 3039; x_wconf 88' lang='grc' dir='ltr'><strong><em>οἴονται</em></strong></span> <span class='ocrx_word' id='word_1_238' title='bbox 1360 2974 1430 3040; x_wconf 88' lang='grc' dir='ltr'><strong><em>δεῖν</em></strong></span> <span class='ocrx_word' id='word_1_239' title='bbox 1446 2976 1590 3061; x_wconf 84' lang='grc' dir='ltr'><strong><em>ἐλέγχειν</em></strong></span> <span class='ocrx_word' id='word_1_240' title='bbox 1607 2983 1703 3056; x_wconf 86' lang='grc' dir='ltr'><strong><em>ὅπως</em></strong></span> 
     </span>
     <span class='ocr_line' id='line_1_25' title="bbox 447 3075 1703 3167; baseline 0.004 -28"><span class='ocrx_word' id='word_1_241' title='bbox 447 3081 665 3158; x_wconf 89' lang='grc' dir='ltr'><strong><em>παυσώμεθα</em></strong></span> <span class='ocrx_word' id='word_1_242' title='bbox 690 3076 926 3164; x_wconf 78' lang='grc' dir='ltr'><strong><em>φλυαροῦντες,</em></strong></span> <span class='ocrx_word' id='word_1_243' title='bbox 957 3075 1139 3158; x_wconf 88' lang='grc' dir='ltr'><strong><em>βούλονται</em></strong></span> <span class='ocrx_word' id='word_1_244' title='bbox 1162 3075 1319 3163; x_wconf 88' lang='grc' dir='ltr'><strong><em>δηλονότι</em></strong></span> <span class='ocrx_word' id='word_1_245' title='bbox 1342 3081 1401 3164; x_wconf 79' lang='grc' dir='ltr'><strong><em>τὴν</em></strong></span> <span class='ocrx_word' id='word_1_246' title='bbox 1424 3077 1592 3164; x_wconf 84' lang='grc' dir='ltr'><strong><em>ἀλήθειαν</em></strong></span> <span class='ocrx_word' id='word_1_247' title='bbox 1613 3087 1703 3167; x_wconf 80' lang='grc' dir='ltr'><strong><em>ημᾶς</em></strong></span> 
     </span>
     <span class='ocr_line' id='line_1_26' title="bbox 396 3177 1707 3267; baseline 0.002 -24"><span class='ocrx_word' id='word_1_248' title='bbox 396 3183 425 3234; x_wconf 79' lang='lat'><strong><em>²5</em></strong></span> <span class='ocrx_word' id='word_1_249' title='bbox 448 3177 575 3243; x_wconf 82' lang='grc' dir='ltr'><strong><em>εἰδέναι</em></strong></span> <span class='ocrx_word' id='word_1_250' title='bbox 589 3183 645 3243; x_wconf 88' lang='grc' dir='ltr'><strong><em>καί</em></strong></span> <span class='ocrx_word' id='word_1_251' title='bbox 659 3179 846 3262; x_wconf 83' lang='grc' dir='ltr'><strong><em>ὑπολαβεῖν</em></strong></span> <span class='ocrx_word' id='word_1_252' title='bbox 868 3183 921 3243; x_wconf 89' lang='grc' dir='ltr'><strong><em>ότι</em></strong></span> <span class='ocrx_word' id='word_1_253' title='bbox 936 3187 1076 3242; x_wconf 83' lang='grc' dir='ltr'><strong><em>τοιαῦτα</em></strong></span> <span class='ocrx_word' id='word_1_254' title='bbox 1100 3180 1152 3265; x_wconf 88' lang='grc' dir='ltr'><strong><em>εἴη</em></strong></span> <span class='ocrx_word' id='word_1_255' title='bbox 1176 3182 1216 3242; x_wconf 89' lang='grc' dir='ltr'><strong><em>τά</em></strong></span> <span class='ocrx_word' id='word_1_256' title='bbox 1232 3183 1415 3265; x_wconf 91' lang='grc' dir='ltr'><strong><em>πράγματα</em></strong></span> <span class='ocrx_word' id='word_1_257' title='bbox 1431 3183 1591 3267; x_wconf 91' lang='grc' dir='ltr'><strong><em>καθάπερ</em></strong></span> <span class='ocrx_word' id='word_1_258' title='bbox 1609 3180 1707 3260; x_wconf 83' lang='grc' dir='ltr'><strong><em>άξιοῖ</em></strong></span> 
     </span>
     <span class='ocr_line' id='line_1_27' title="bbox 447 3281 1702 3367; baseline 0.002 -23"><span class='ocrx_word' id='word_1_259' title='bbox 447 3284 602 3366; x_wconf 90' lang='grc' dir='ltr'><strong><em>Πύρρων.</em></strong></span> <span class='ocrx_word' id='word_1_260' title='bbox 648 3285 735 3345; x_wconf 84' lang='grc' dir='ltr'><strong><em>ὥστε</em></strong></span> <span class='ocrx_word' id='word_1_261' title='bbox 764 3285 796 3345; x_wconf 85' lang='grc' dir='ltr'><strong><em>εί</em></strong></span> <span class='ocrx_word' id='word_1_262' title='bbox 818 3283 1045 3366; x_wconf 91' lang='grc' dir='ltr'><strong><em>πεισθείημεν</em></strong></span> <span class='ocrx_word' id='word_1_263' title='bbox 1075 3284 1201 3359; x_wconf 81' lang='grc' dir='ltr'><strong><em>αὐτοῖς,</em></strong></span> <span class='ocrx_word' id='word_1_264' title='bbox 1230 3285 1265 3344; x_wconf 87' lang='grc' dir='ltr'><strong><em>ἐκ</em></strong></span> <span class='ocrx_word' id='word_1_265' title='bbox 1292 3285 1454 3367; x_wconf 91' lang='grc' dir='ltr'><strong><em>χειρόνων</em></strong></span> <span class='ocrx_word' id='word_1_266' title='bbox 1484 3281 1639 3363; x_wconf 91' lang='grc' dir='ltr'><strong><em>βελτίους</em></strong></span> <span class='ocrx_word' id='word_1_267' title='bbox 1662 3286 1702 3346; x_wconf 89' lang='grc' dir='ltr'><strong><em>άν</em></strong></span> 
     </span>
     <span class='ocr_line' id='line_1_28' title="bbox 447 3382 1702 3470; baseline 0.002 -24"><span class='ocrx_word' id='word_1_268' title='bbox 447 3386 642 3466; x_wconf 90' lang='grc' dir='ltr'><strong><em>γενοίμεθα,</em></strong></span> <span class='ocrx_word' id='word_1_269' title='bbox 665 3386 837 3470; x_wconf 88' lang='grc' dir='ltr'><strong><em>κρίναντες</em></strong></span> <span class='ocrx_word' id='word_1_270' title='bbox 859 3385 900 3446; x_wconf 88' lang='grc' dir='ltr'><strong><em>τά</em></strong></span> <span class='ocrx_word' id='word_1_271' title='bbox 925 3385 1172 3470; x_wconf 88' lang='grc' dir='ltr'><strong><em>συμφορώτερα</em></strong></span> <span class='ocrx_word' id='word_1_272' title='bbox 1195 3387 1252 3446; x_wconf 84' lang='grc' dir='ltr'><strong><em>καὶ</em></strong></span> <span class='ocrx_word' id='word_1_273' title='bbox 1280 3386 1359 3459; x_wconf 92' lang='grc' dir='ltr'><strong><em>τούς</em></strong></span> <span class='ocrx_word' id='word_1_274' title='bbox 1382 3386 1520 3462; x_wconf 90' lang='grc' dir='ltr'><strong><em>άμεινον</em></strong></span> <span class='ocrx_word' id='word_1_275' title='bbox 1543 3382 1702 3466; x_wconf 90' lang='grc' dir='ltr'><strong><em>λέγοντας</em></strong></span> 
     </span>
     <span class='ocr_line' id='line_1_29' title="bbox 448 3473 1742 3571; baseline 0.003 -24"><span class='ocrx_word' id='word_1_276' title='bbox 448 3483 707 3565; x_wconf 84' lang='grc' dir='ltr'><strong><em>ἀποδεξάμενοι.</em></strong></span> <span class='ocrx_word' id='word_1_277' title='bbox 795 3494 870 3561; x_wconf 86' lang='grc' dir='ltr'><strong><em>πῶς</em></strong></span> <span class='ocrx_word' id='word_1_278' title='bbox 894 3484 952 3546; x_wconf 86' lang='grc' dir='ltr'><strong><em>οδν</em></strong></span> <span class='ocrx_word' id='word_1_279' title='bbox 974 3473 1032 3546; x_wconf 80' lang='grc' dir='ltr'><strong><em>ἐπ’</em></strong></span> <span class='ocrx_word' id='word_1_280' title='bbox 1065 3484 1141 3570; x_wconf 87' lang='grc' dir='ltr'><strong><em>ἴσης</em></strong></span> <span class='ocrx_word' id='word_1_281' title='bbox 1170 3482 1344 3571; x_wconf 89' lang='grc' dir='ltr'><strong><em>άδιάφορα</em></strong></span> <span class='ocrx_word' id='word_1_282' title='bbox 1373 3487 1414 3547; x_wconf 90' lang='grc' dir='ltr'><strong><em>τά</em></strong></span> <span class='ocrx_word' id='word_1_283' title='bbox 1438 3488 1621 3571; x_wconf 90' lang='grc' dir='ltr'><strong><em>πράγματα</em></strong></span> <span class='ocrx_word' id='word_1_284' title='bbox 1645 3491 1700 3551; x_wconf 90' lang='grc' dir='ltr'><strong><em>καί</em></strong></span> <span class='ocrx_word' id='word_1_285' title='bbox 1711 3491 1742 3551; x_wconf 83' lang='grc'><strong><em>17</em></strong></span> 
     </span>
     <span class='ocr_line' id='line_1_30' title="bbox 447 3578 1703 3673; baseline 0.002 -23"><span class='ocrx_word' id='word_1_286' title='bbox 447 3590 646 3673; x_wconf 91' lang='grc' dir='ltr'><strong><em>άνεπίκριτα</em></strong></span> <span class='ocrx_word' id='word_1_287' title='bbox 663 3578 794 3650; x_wconf 78' lang='grc' dir='ltr'><strong><em>δύναιτ’</em></strong></span> <span class='ocrx_word' id='word_1_288' title='bbox 812 3589 853 3649; x_wconf 88' lang='grc' dir='ltr'><strong><em>άν</em></strong></span> <span class='ocrx_word' id='word_1_289' title='bbox 869 3585 974 3662; x_wconf 87' lang='grc' dir='ltr'><strong><em>εἶναι;</em></strong></span> <span class='ocrx_word' id='word_1_290' title='bbox 992 3589 1140 3662; x_wconf 81' lang='grc' dir='ltr'><strong><em>καὶπῶς</em></strong></span> <span class='ocrx_word' id='word_1_291' title='bbox 1157 3588 1429 3669; x_wconf 89' lang='grc' dir='ltr'><strong><em>άσυγκατάθετοι</em></strong></span> <span class='ocrx_word' id='word_1_292' title='bbox 1443 3590 1500 3650; x_wconf 85' lang='grc' dir='ltr'><strong><em>καί</em></strong></span> <span class='ocrx_word' id='word_1_293' title='bbox 1516 3586 1703 3666; x_wconf 85' lang='grc' dir='ltr'><strong><em>άδόξαστοι</em></strong></span> 
     </span>
     <span class='ocr_line' id='line_1_31' title="bbox 396 3681 1701 3778; baseline 0.002 -25"><span class='ocrx_word' id='word_1_294' title='bbox 396 3693 426 3742; x_wconf 81' lang='lat'><strong><em>30</em></strong></span> <span class='ocrx_word' id='word_1_295' title='bbox 446 3683 623 3773; x_wconf 76' lang='grc' dir='ltr'><strong><em>γενοίμεθ’</em></strong></span> <span class='ocrx_word' id='word_1_296' title='bbox 655 3692 714 3766; x_wconf 89' lang='grc' dir='ltr'><strong><em>άν,·</em></strong></span> <span class='ocrx_word' id='word_1_297' title='bbox 739 3692 771 3751; x_wconf 89' lang='grc' dir='ltr'><strong><em>εί</em></strong></span> <span class='ocrx_word' id='word_1_298' title='bbox 799 3681 830 3751; x_wconf 84' lang='grc' dir='ltr'><strong><em>δ’</em></strong></span> <span class='ocrx_word' id='word_1_299' title='bbox 850 3685 959 3756; x_wconf 80' lang='grc' dir='ltr'><strong><em>,οὐδὲν</em></strong></span> <span class='ocrx_word' id='word_1_300' title='bbox 989 3686 1113 3773; x_wconf 89' lang='grc' dir='ltr'><strong><em>όφελός</em></strong></span> <span class='ocrx_word' id='word_1_301' title='bbox 1142 3691 1216 3751; x_wconf 94' lang='grc' dir='ltr'><strong><em>ἐστι</em></strong></span> <span class='ocrx_word' id='word_1_302' title='bbox 1244 3697 1310 3751; x_wconf 85' lang='grc' dir='ltr'><strong><em>τῶν</em></strong></span> <span class='ocrx_word' id='word_1_303' title='bbox 1334 3688 1450 3772; x_wconf 87' lang='grc' dir='ltr'><strong><em>λόγων,</em></strong></span> <span class='ocrx_word' id='word_1_304' title='bbox 1480 3693 1514 3752; x_wconf 90' lang='grc' dir='ltr'><strong><em>τί</em></strong></span> <span class='ocrx_word' id='word_1_305' title='bbox 1541 3694 1607 3778; x_wconf 84' lang='grc' dir='ltr'><strong><em>μην</em></strong></span> <span class='ocrx_word' id='word_1_306' title='bbox 1631 3694 1701 3755; x_wconf 92' lang='grc' dir='ltr'><strong><em>ἐνο-</em></strong></span> 
     </span>
     <span class='ocr_line' id='line_1_32' title="bbox 445 3782 1701 3877; baseline 0.002 -23"><span class='ocrx_word' id='word_1_307' title='bbox 445 3791 598 3872; x_wconf 84' lang='grc' dir='ltr'><strong><em>χλούσιν,·</em></strong></span> <span class='ocrx_word' id='word_1_308' title='bbox 618 3793 638 3876; x_wconf 78' lang='grc' dir='ltr'><em>ἢ</em></span> <span class='ocrx_word' id='word_1_309' title='bbox 663 3788 719 3853; x_wconf 91' lang='grc' dir='ltr'><strong><em>διά</em></strong></span> <span class='ocrx_word' id='word_1_310' title='bbox 743 3793 777 3852; x_wconf 90' lang='grc' dir='ltr'><strong><em>τί</em></strong></span> <span class='ocrx_word' id='word_1_311' title='bbox 794 3793 910 3869; x_wconf 91' lang='grc' dir='ltr'><strong><em>Τίμων</em></strong></span> <span class='ocrx_word' id='word_1_312' title='bbox 929 3793 1035 3875; x_wconf 81' lang='grc' dir='ltr'><strong><em>φησίν</em></strong></span> <span class='ocrx_word' id='word_1_313' title='bbox 1054 3782 1140 3852; x_wconf 56' lang='lat' dir='ltr'><strong><em>‘ofin</em></strong></span> <span class='ocrx_word' id='word_1_314' title='bbox 1164 3791 1211 3852; x_wconf 85' lang='grc' dir='ltr'><strong><em>ἂν</em></strong></span> <span class='ocrx_word' id='word_1_315' title='bbox 1234 3788 1279 3877; x_wconf 75' lang='grc' dir='ltr'><strong><em>δη</em></strong></span> <span class='ocrx_word' id='word_1_316' title='bbox 1297 3825 1339 3836; x_wconf 88' lang='grc'>-</span> <span class='ocrx_word' id='word_1_317' title='bbox 1354 3785 1514 3868; x_wconf 82' lang='grc' dir='ltr'><strong><em>άλλος;’</em></strong></span> <span class='ocrx_word' id='word_1_318' title='bbox 1540 3792 1589 3870; x_wconf 87' lang='lat' dir='ltr'>(fr.</span> <span class='ocrx_word' id='word_1_319' title='bbox 1607 3795 1639 3874; x_wconf 88' lang='lat'><strong><em>8)</em></strong></span> <span class='ocrx_word' id='word_1_320' title='bbox 1663 3798 1701 3857; x_wconf 90' lang='grc' dir='ltr'><strong><em>ού</em></strong></span> 
     </span>
     <span class='ocr_line' id='line_1_33' title="bbox 445 3891 1701 3978; baseline 0.003 -22"><span class='ocrx_word' id='word_1_321' title='bbox 445 3897 508 3978; x_wconf 92' lang='grc' dir='ltr'><strong><em>γάρ</em></strong></span> <span class='ocrx_word' id='word_1_322' title='bbox 536 3891 665 3972; x_wconf 86' lang='grc' dir='ltr'><strong><em>μάλλον</em></strong></span> <span class='ocrx_word' id='word_1_323' title='bbox 686 3895 854 3978; x_wconf 92' lang='grc' dir='ltr'><strong><em>Πύρρωνα</em></strong></span> <span class='ocrx_word' id='word_1_324' title='bbox 884 3894 1066 3971; x_wconf 92' lang='grc' dir='ltr'><strong><em>θαυμάσαι</em></strong></span> <span class='ocrx_word' id='word_1_325' title='bbox 1092 3913 1144 3967; x_wconf 89' lang='grc' dir='ltr'><strong><em>τις</em></strong></span> <span class='ocrx_word' id='word_1_326' title='bbox 1171 3894 1212 3954; x_wconf 88' lang='grc' dir='ltr'><strong><em>άν</em></strong></span> <span class='ocrx_word' id='word_1_327' title='bbox 1238 3894 1258 3978; x_wconf 80' lang='grc' dir='ltr'><em>ἢ</em></span> <span class='ocrx_word' id='word_1_328' title='bbox 1289 3896 1347 3956; x_wconf 92' lang='grc' dir='ltr'><strong><em>τόν</em></strong></span> <span class='ocrx_word' id='word_1_329' title='bbox 1374 3895 1544 3978; x_wconf 90' lang='grc' dir='ltr'><strong><em>Κόροιβον</em></strong></span> <span class='ocrx_word' id='word_1_330' title='bbox 1575 3899 1701 3960; x_wconf 86' lang='grc' dir='ltr'><strong><em>ἐκεῖνον</em></strong></span> 
     </span>
     <span class='ocr_line' id='line_1_34' title="bbox 445 3991 1740 4080; baseline 0.001 -23"><span class='ocrx_word' id='word_1_331' title='bbox 445 3997 540 4080; x_wconf 82' lang='grc' dir='ltr'><strong><em>ἢτόν</em></strong></span> <span class='ocrx_word' id='word_1_332' title='bbox 555 3992 762 4080; x_wconf 85' lang='grc' dir='ltr'><strong><em>Μελητίδην,</em></strong></span> <span class='ocrx_word' id='word_1_333' title='bbox 787 3997 821 4057; x_wconf 88' lang='grc' dir='ltr'><strong><em>οί</em></strong></span> <span class='ocrx_word' id='word_1_334' title='bbox 843 3991 882 4080; x_wconf 78' lang='grc' dir='ltr'><strong><em>δη</em></strong></span> <span class='ocrx_word' id='word_1_335' title='bbox 900 3991 1038 4057; x_wconf 81' lang='grc' dir='ltr'><strong><em>δοκοῦσι</em></strong></span> <span class='ocrx_word' id='word_1_336' title='bbox 1056 3996 1186 4080; x_wconf 87' lang='grc' dir='ltr'><strong><em>μωρίαι</em></strong></span> <span class='ocrx_word' id='word_1_337' title='bbox 1201 3991 1387 4077; x_wconf 89' lang='grc' dir='ltr'><strong><em>διενεγκεῖν.</em></strong></span> <span class='ocrx_word' id='word_1_338' title='bbox 1468 3997 1740 4076; x_wconf 76' lang='grc' dir='ltr'><strong><em>ἐνθυμεῖσθαιΙθ</em></strong></span> 
     </span>
     <span class='ocr_line' id='line_1_35' title="bbox 445 4095 1699 4185; baseline 0.002 -26"><span class='ocrx_word' id='word_1_339' title='bbox 445 4101 563 4176; x_wconf 87' lang='grc' dir='ltr'><strong><em>μέντοι</em></strong></span> <span class='ocrx_word' id='word_1_340' title='bbox 583 4099 643 4183; x_wconf 79' lang='grc' dir='ltr'><strong><em>χρη</em></strong></span> <span class='ocrx_word' id='word_1_341' title='bbox 667 4099 723 4159; x_wconf 86' lang='grc' dir='ltr'><strong><em>καί</em></strong></span> <span class='ocrx_word' id='word_1_342' title='bbox 739 4104 854 4159; x_wconf 82' lang='grc' dir='ltr'><strong><em>ταῦτα.</em></strong></span> <span class='ocrx_word' id='word_1_343' title='bbox 899 4101 1002 4172; x_wconf 87' lang='grc' dir='ltr'><strong><em>ποῖος</em></strong></span> <span class='ocrx_word' id='word_1_344' title='bbox 1024 4099 1087 4180; x_wconf 89' lang='grc' dir='ltr'><strong><em>γάρ</em></strong></span> <span class='ocrx_word' id='word_1_345' title='bbox 1111 4097 1152 4158; x_wconf 89' lang='grc' dir='ltr'><strong><em>άν</em></strong></span> <span class='ocrx_word' id='word_1_346' title='bbox 1174 4101 1304 4179; x_wconf 90' lang='grc' dir='ltr'><strong><em>γένοιτο</em></strong></span> <span class='ocrx_word' id='word_1_347' title='bbox 1326 4095 1470 4182; x_wconf 89' lang='grc' dir='ltr'><strong><em>πολίτης</em></strong></span> <span class='ocrx_word' id='word_1_348' title='bbox 1491 4099 1511 4182; x_wconf 81' lang='grc' dir='ltr'><em>ἢ</em></span> <span class='ocrx_word' id='word_1_349' title='bbox 1529 4095 1699 4185; x_wconf 83' lang='grc' dir='ltr'><strong><em>δικαστής,</em></strong></span> 
     </span>
    </p>
   </div>
   <div class='ocr_carea' id='block_1_4' title="bbox 445 4290 1700 4792">
    <p class='ocr_par' dir='ltr' id='par_1_4' title="bbox 445 4290 1700 4792">
     <span class='ocr_line' id='line_1_36' title="bbox 548 4290 1649 4368; baseline 0.004 -18"><span class='ocrx_word' id='word_1_350' title='bbox 548 4301 563 4350; x_wconf 84' lang='grc'>2</span> <span class='ocrx_word' id='word_1_351' title='bbox 583 4290 642 4352; x_wconf 79' lang='grc' dir='ltr'><strong><em>ἐστι</em></strong></span> <span class='ocrx_word' id='word_1_352' title='bbox 660 4295 720 4352; x_wconf 80' lang='lat' dir='ltr'><strong><em>OG:</em></strong></span> <span class='ocrx_word' id='word_1_353' title='bbox 743 4299 792 4352; x_wconf 82' lang='grc' dir='ltr'><strong><em>καί</em></strong></span> <span class='ocrx_word' id='word_1_354' title='bbox 810 4290 870 4352; x_wconf 81' lang='grc' dir='ltr'><strong><em>ἐστι</em></strong></span> <span class='ocrx_word' id='word_1_355' title='bbox 893 4295 975 4351; x_wconf 71' lang='lat' dir='ltr'>ceteri</span> <span class='ocrx_word' id='word_1_356' title='bbox 1071 4299 1088 4349; x_wconf 82' lang='grc'>4</span> <span class='ocrx_word' id='word_1_357' title='bbox 1107 4311 1167 4364; x_wconf 81' lang='lat' dir='ltr'><strong>sqq.</strong></span> <span class='ocrx_word' id='word_1_358' title='bbox 1190 4294 1224 4350; x_wconf 83' lang='lat' dir='ltr'><strong><em>cf.</em></strong></span> <span class='ocrx_word' id='word_1_359' title='bbox 1242 4295 1427 4351; x_wconf 82' lang='lat' dir='ltr'><strong>Wilamowitz</strong></span> <span class='ocrx_word' id='word_1_360' title='bbox 1449 4296 1543 4368; x_wconf 74' lang='lat' dir='ltr'><strong><em>Antiq.</em></strong></span> <span class='ocrx_word' id='word_1_361' title='bbox 1560 4314 1588 4367; x_wconf 89' lang='lat' dir='ltr'><strong><em>p.</em></strong></span> <span class='ocrx_word' id='word_1_362' title='bbox 1602 4299 1649 4354; x_wconf 70' lang='lat'><strong><em>38¹²</em></strong></span> 
     </span>
     <span class='ocr_line' id='line_1_37' title="bbox 447 4376 1700 4453; baseline 0.003 -17"><span class='ocrx_word' id='word_1_363' title='bbox 447 4387 461 4436; x_wconf 87' lang='lat'>5</span> <span class='ocrx_word' id='word_1_364' title='bbox 478 4378 554 4439; x_wconf 86' lang='grc' dir='ltr'><strong><em>κατά</em></strong></span> <span class='ocrx_word' id='word_1_365' title='bbox 574 4401 653 4446; x_wconf 88' lang='grc' dir='ltr'><strong><em>τινας</em></strong></span> <span class='ocrx_word' id='word_1_366' title='bbox 670 4381 761 4453; x_wconf 91' lang='grc' dir='ltr'><strong><em>λόγον</em></strong></span> <span class='ocrx_word' id='word_1_367' title='bbox 777 4379 826 4435; x_wconf 78' lang='lat' dir='ltr'><strong><em>OG</em></strong></span> <span class='ocrx_word' id='word_1_368' title='bbox 895 4385 927 4435; x_wconf 85' lang='lat'><strong><em>10</em></strong></span> <span class='ocrx_word' id='word_1_369' title='bbox 946 4376 1035 4438; x_wconf 73' lang='grc' dir='ltr'><strong><em>αύτυῖι</em></strong></span> <span class='ocrx_word' id='word_1_370' title='bbox 1052 4386 1118 4449; x_wconf 84' lang='lat' dir='ltr'>post</span> <span class='ocrx_word' id='word_1_371' title='bbox 1133 4379 1179 4435; x_wconf 75' lang='lat' dir='ltr'><strong>alt.</strong></span> <span class='ocrx_word' id='word_1_372' title='bbox 1196 4377 1325 4452; x_wconf 79' lang='grc' dir='ltr'><strong><em>ἐνέτυχες</em></strong></span> <span class='ocrx_word' id='word_1_373' title='bbox 1344 4380 1366 4436; x_wconf 82' lang='grc' dir='ltr'>Ο</span> <span class='ocrx_word' id='word_1_374' title='bbox 1384 4380 1540 4437; x_wconf 78' lang='lat' dir='ltr'>etfortasse</span> <span class='ocrx_word' id='word_1_375' title='bbox 1558 4385 1641 4439; x_wconf 77' lang='lat' dir='ltr'>etiam</span> <span class='ocrx_word' id='word_1_376' title='bbox 1659 4401 1700 4440; x_wconf 72' lang='grc' dir='ltr'><strong><em>οο</em></strong></span> 
     </span>
     <span class='ocr_line' id='line_1_38' title="bbox 445 4459 1667 4536; baseline 0.001 -13"><span class='ocrx_word' id='word_1_377' title='bbox 445 4467 505 4533; x_wconf 81' lang='lat' dir='ltr'><strong>teri,</strong></span> <span class='ocrx_word' id='word_1_378' title='bbox 527 4473 592 4536; x_wconf 81' lang='lat' dir='ltr'>post</span> <span class='ocrx_word' id='word_1_379' title='bbox 613 4466 690 4535; x_wconf 81' lang='lat' dir='ltr'>prius</span> <span class='ocrx_word' id='word_1_380' title='bbox 708 4465 794 4521; x_wconf 80' lang='lat' dir='ltr'><strong>Gaisf.</strong></span> <span class='ocrx_word' id='word_1_381' title='bbox 899 4469 929 4520; x_wconf 87' lang='lat'><strong><em>12</em></strong></span> <span class='ocrx_word' id='word_1_382' title='bbox 949 4461 1017 4522; x_wconf 87' lang='grc' dir='ltr'><strong><em>τότε</em></strong></span> <span class='ocrx_word' id='word_1_383' title='bbox 1043 4459 1115 4522; x_wconf 83' lang='grc' dir='ltr'><strong><em>διότι</em></strong></span> <span class='ocrx_word' id='word_1_384' title='bbox 1133 4463 1168 4520; x_wconf 82' lang='lat'><strong><em>0:</em></strong></span> <span class='ocrx_word' id='word_1_385' title='bbox 1192 4466 1227 4522; x_wconf 88' lang='grc' dir='ltr'><strong><em>τὸ</em></strong></span> <span class='ocrx_word' id='word_1_386' title='bbox 1251 4465 1326 4522; x_wconf 84' lang='grc' dir='ltr'><strong><em>διότι</em></strong></span> <span class='ocrx_word' id='word_1_387' title='bbox 1345 4466 1383 4522; x_wconf 85' lang='lat' dir='ltr'><strong><em>G:</em></strong></span> <span class='ocrx_word' id='word_1_388' title='bbox 1406 4465 1441 4523; x_wconf 87' lang='grc' dir='ltr'><strong><em>τὸ</em></strong></span> <span class='ocrx_word' id='word_1_389' title='bbox 1465 4461 1509 4523; x_wconf 83' lang='grc' dir='ltr'><strong><em>διά</em></strong></span> <span class='ocrx_word' id='word_1_390' title='bbox 1532 4469 1562 4524; x_wconf 89' lang='grc' dir='ltr'><strong><em>τί</em></strong></span> <span class='ocrx_word' id='word_1_391' title='bbox 1584 4470 1667 4524; x_wconf 83' lang='lat' dir='ltr'>ceteri</span> 
     </span>
     <span class='ocr_line' id='line_1_39' title="bbox 447 4541 1633 4623; baseline 0.002 -17"><span class='ocrx_word' id='word_1_392' title='bbox 447 4556 479 4606; x_wconf 86' lang='grc'><strong><em>14</em></strong></span> <span class='ocrx_word' id='word_1_393' title='bbox 497 4544 618 4623; x_wconf 87' lang='grc' dir='ltr'><strong><em>άγνοίας</em></strong></span> <span class='ocrx_word' id='word_1_394' title='bbox 641 4550 720 4605; x_wconf 81' lang='grc' dir='ltr'><strong><em>Ευε.;</em></strong></span> <span class='ocrx_word' id='word_1_395' title='bbox 744 4567 811 4605; x_wconf 70' lang='grc' dir='ltr'><strong><em>σου.</em></strong></span> <span class='ocrx_word' id='word_1_396' title='bbox 829 4550 1014 4606; x_wconf 64' lang='grc' dir='ltr'><strong><em>Πύλεωοννίιτ</em></strong></span> <span class='ocrx_word' id='word_1_397' title='bbox 1083 4553 1185 4619; x_wconf 79' lang='grc' dir='ltr'><strong><em>φῶμεν</em></strong></span> <span class='ocrx_word' id='word_1_398' title='bbox 1208 4550 1268 4607; x_wconf 80' lang='lat' dir='ltr'><strong><em>OG:</em></strong></span> <span class='ocrx_word' id='word_1_399' title='bbox 1292 4541 1350 4623; x_wconf 84' lang='grc' dir='ltr'><strong><em>άρά</em></strong></span> <span class='ocrx_word' id='word_1_400' title='bbox 1374 4569 1407 4622; x_wconf 88' lang='grc' dir='ltr'><strong><em>γε</em></strong></span> <span class='ocrx_word' id='word_1_401' title='bbox 1430 4554 1530 4622; x_wconf 77' lang='grc' dir='ltr'><strong><em>φῶμεν</em></strong></span> <span class='ocrx_word' id='word_1_402' title='bbox 1548 4553 1633 4608; x_wconf 74' lang='grc' dir='ltr'><strong><em>οοΐοιύ</em></strong></span> 
     </span>
     <span class='ocr_line' id='line_1_40' title="bbox 446 4626 1699 4710; baseline 0.005 -20"><span class='ocrx_word' id='word_1_403' title='bbox 446 4644 477 4691; x_wconf 80' lang='lat'><strong><em>22</em></strong></span> <span class='ocrx_word' id='word_1_404' title='bbox 497 4629 723 4710; x_wconf 72' lang='grc' dir='ltr'><strong><em>ἀπεργάσασθαι</em></strong></span> <span class='ocrx_word' id='word_1_405' title='bbox 746 4633 790 4692; x_wconf 87' lang='grc' dir='ltr'><strong><em>όιδι</em></strong></span> <span class='ocrx_word' id='word_1_406' title='bbox 815 4637 902 4691; x_wconf 81' lang='grc' dir='ltr'><strong><em>τοῦτο</em></strong></span> <span class='ocrx_word' id='word_1_407' title='bbox 921 4634 983 4691; x_wconf 77' lang='lat' dir='ltr'><strong><em>OG:</em></strong></span> <span class='ocrx_word' id='word_1_408' title='bbox 1006 4626 1227 4708; x_wconf 81' lang='grc' dir='ltr'><strong><em>άπεργάσεσθαι</em></strong></span> <span class='ocrx_word' id='word_1_409' title='bbox 1249 4638 1340 4692; x_wconf 81' lang='grc' dir='ltr'><strong><em>ταῦτα</em></strong></span> <span class='ocrx_word' id='word_1_410' title='bbox 1365 4636 1446 4691; x_wconf 78' lang='lat' dir='ltr'><strong>ceteri</strong></span> <span class='ocrx_word' id='word_1_411' title='bbox 1515 4640 1549 4691; x_wconf 81' lang='lat'><strong><em>24</em></strong></span> <span class='ocrx_word' id='word_1_412' title='bbox 1568 4634 1699 4708; x_wconf 80' lang='grc' dir='ltr'><strong><em>δηλονότι</em></strong></span> 
     </span>
     <span class='ocr_line' id='line_1_41' title="bbox 446 4711 1700 4792; baseline -0.001 -14"><span class='ocrx_word' id='word_1_413' title='bbox 446 4718 496 4792; x_wconf 75' lang='grc' dir='ltr'><strong><em>την</em></strong></span> <span class='ocrx_word' id='word_1_414' title='bbox 508 4714 657 4792; x_wconf 75' lang='grc' dir='ltr'><strong><em>ἀληθειαν]</em></strong></span> <span class='ocrx_word' id='word_1_415' title='bbox 671 4711 751 4776; x_wconf 78' lang='grc' dir='ltr'><strong><em>δτιΟ</em></strong></span> <span class='ocrx_word' id='word_1_416' title='bbox 801 4724 833 4774; x_wconf 76' lang='lat'><strong><em>27</em></strong></span> <span class='ocrx_word' id='word_1_417' title='bbox 848 4719 1030 4790; x_wconf 80' lang='grc' dir='ltr'><strong><em>συμφέροντα</em></strong></span> <span class='ocrx_word' id='word_1_418' title='bbox 1045 4719 1094 4776; x_wconf 76' lang='lat' dir='ltr'><strong><em>OG</em></strong></span> <span class='ocrx_word' id='word_1_419' title='bbox 1146 4724 1178 4774; x_wconf 84' lang='lat'><strong><em>30</em></strong></span> <span class='ocrx_word' id='word_1_420' title='bbox 1191 4722 1218 4776; x_wconf 85' lang='grc' dir='ltr'><strong><em>τί</em></strong></span> <span class='ocrx_word' id='word_1_421' title='bbox 1229 4719 1285 4791; x_wconf 75' lang='grc' dir='ltr'><strong><em>μὴν</em></strong></span> <span class='ocrx_word' id='word_1_422' title='bbox 1298 4719 1348 4775; x_wconf 82' lang='lat' dir='ltr'><strong><em>OG</em></strong></span> <span class='ocrx_word' id='word_1_423' title='bbox 1358 4719 1402 4783; x_wconf 82' lang='lat' dir='ltr'><strong>(cf.</strong></span> <span class='ocrx_word' id='word_1_424' title='bbox 1415 4724 1430 4786; x_wconf 70' lang='grc' dir='ltr'><strong>ξ</strong></span> <span class='ocrx_word' id='word_1_425' title='bbox 1442 4725 1480 4786; x_wconf 79' lang='lat'><strong><em>7):</em></strong></span> <span class='ocrx_word' id='word_1_426' title='bbox 1497 4722 1527 4777; x_wconf 88' lang='grc' dir='ltr'><strong><em>τί</em></strong></span> <span class='ocrx_word' id='word_1_427' title='bbox 1538 4715 1607 4791; x_wconf 79' lang='grc' dir='ltr'><strong><em>ἡμῖν</em></strong></span> <span class='ocrx_word' id='word_1_428' title='bbox 1618 4725 1700 4779; x_wconf 75' lang='lat' dir='ltr'>cetefi</span> 
     </span>
    </p>
   </div>
   <div class='ocr_carea' id='block_1_5' title="bbox 0 0 2064 5617">
    <p class='ocr_par' dir='ltr' id='par_1_5' title="bbox 0 0 2064 5617">
     <span class='ocr_line' id='line_1_42' title="bbox 0 0 2064 5617; baseline 0 1"><span class='ocrx_word' id='word_1_429' title='bbox 0 0 2064 5617; x_wconf 95' lang='lat' dir='ltr'><strong><em> </em></strong></span> 
     </span>
    </p>
   </div>
  </div>
 </body>
</html>
