4117 5617
494 563 535 622 94
977 568 1001 618 5.
1018 563 1263 622 EMPEDOCLES

596 736 637 787 66.
655 732 748 787 Pmo
759 732 795 787 dc
802 748 882 801 prov.
893 732 962 787 Π61
979 748 1007 800 p.
1018 736 1051 787 86
1068 733 1182 789 Auchor
1199 738 1261 798 (soc.
1273 733 1437 807 Conybear.)
1456 735 1554 792 cteiadc
1570 737 1756 793 ratiocinatus

495 825 542 884 [sc.
554 817 743 887 Empedocleo]
767 816 800 872 cte
821 817 895 872 mori
912 817 967 872 ait:
987 821 1133 891 postquam
1150 823 1300 874 concrctam
1322 823 1363 874 cot
1384 819 1415 875 id
1439 822 1511 889 qaod
1532 825 1593 878 orat
1613 823 1645 878 ia
1668 827 1755 879 eatre-

494 903 590 957 mitotc
607 919 671 957 orae
688 902 809 958 maxime
824 902 972 972 qraadiaic
990 919 1065 958 more
1083 903 1108 969 [i.
1119 919 1142 958 e.
1154 912 1301 972 postquam
1319 911 1394 960 astra
1409 905 1439 959 in
1457 901 1554 978 πάγον
1565 901 1653 981 άέρος
1663 913 1754 980 χαλα-

494 981 569 1058 ζώδη
591 991 683 1057 (supra
699 1005 727 1042 n.
740 991 771 1041 51
791 994 820 1042 ct
836 992 909 1042 1136
926 1004 954 1058 ρ.
967 991 1009 1055 88,
1027 992 1071 1053 35)
1097 996 1223 1044 concreta
1248 993 1330 1058 suntl,
1356 1006 1431 1059 aqaa
1458 991 1556 1047 limoso
1581 992 1675 1062 (sacta
1692 995 1754 1063 oct).

457 1083 472 1132 5
493 1071 634 1142 cadomo
649 1073 722 1127 caim
741 1072 773 1127 ia
791 1075 865 1127 tomo
881 1072 989 1127 tumidi
1006 1076 1056 1141 cot,
1080 1072 1112 1127 ia
1129 1073 1254 1129 domicoic
1271 1074 1456 1144 άτρντετίυηυε
1473 1077 1531 1132 ciac
1549 1077 1613 1133 tacto
1630 1096 1649 1134 o
1666 1079 1756 1134 acatio

494 1158 617 1213 certatim
639 1158 773 1227 Jtoatiiao
794 1157 910 1213 witao
932 1175 1015 1227 qaam
1037 1158 1198 1227 fortissimis
1218 1158 1340 1228 madiam
1361 1161 1506 1231 comprimi
1526 1163 1636 1220 colobot.
1677 1165 1754 1219 Am.

493 1243 577 1298 ΙΠ16
580 1244 669 1310 ,.3[1)
678 1247 738 1306 381]
755 1238 792 1302 ’tt
812 1241 918 1314 ἱδρῶτα
935 1248 986 1314 τῆς
1002 1246 1053 1316 γῆς
1070 1240 1256 1316 ἐκκαιομένης
1272 1239 1329 1301 iao
1347 1248 1401 1303 τοῦ
1416 1242 1464 1316 tat
1465 1265 1499 1302 ου
1516 1245 1561 1305 διά
1580 1247 1634 1320 την
1651 1248 1699 1306 ἐπὶ
1717 1249 1753 1306 τό

494 1333 597 1385 πλεῖον
613 1331 727 1400 πίλησιν
746 1327 789 1391 [εί.
801 1327 866 1394 Π6,
876 1332 933 1383 3ot
943 1326 977 1382 fr
987 1332 1039 1392 55].
1064 1327 1167 1383 Aelian
1175 1329 1299 1384 Histan.
1308 1329 1393 1384 ΙΧ64
1411 1331 1485 1403 λέγει
1504 1332 1535 1390 a
1551 1326 1755 1406 Ἀριστοτέλης,

494 1573 576 1639 όδατι
594 1582 909 1682 [cf.caus.pl.V11o,m.
938 1585 987 1638 καί
1004 1540 1067 1638 ἐπεί
1085 1585 1245 1648 δοκεῑπιυς
1262 1581 1393 1652 ἄπιστον,
1411 1579 1450 1641 δι’
1469 1579 1642 1644 αὐτῶντῶν
1659 1585 1755 1661 έργιον

494 1670 658 1738 βεβαιῶσαι
675 1671 829 1739 βουληθείς
845 1665 880 1723 τό
900 1663 1039 1737 λεχθέν(
1023 1686 1040 1722 o
1058 1685 1111 1723 του
1099 1663 1337 1737 Νικομάχυυί’
1315 1688 1379 1740 εγει
1392 1669 1472 1734 [Hist.
1482 1673 1563 1726 anim.
1573 1673 1629 1727 82.
1640 1673 1754 1744 590b24]

495 1745 571 1808 εἰναί
559 1752 614 1807 ίτι
631 1746 758 1821 πότιμον
769 1743 847 1821 όδωρ
858 1751 890 1808 ἐν
901 1746 989 1822 πάσηι
1001 1746 1150 1823 θαλάττηι,
1167 1755 1216 1807 καί
1227 1749 1396 1824 ἐλέγχεσθαι
1408 1750 1525 1812 τοῦτον·
1543 1751 1574 1812 εί
1580 1776 1622 1822 τις
1633 1749 1755 1829 άγγεῖον

495 1833 529 1891 ἐκ
550 1839 641 1908 κηροῦ
662 1833 786 1907 ποιήσας
806 1841 908 1894 κοῖλον
924 1838 974 1892 καί
991 1833 1100 1893 λεπτόν
1116 1838 1219 1907 καθείη
1236 1835 1325 1893 κενόν
1341 1835 1420 1903 ἐς
1388 1858 1440 1910 την
1457 1835 1621 1911 θάλατταν,
1641 1838 1755 1914 ἐξάψας

445 1932 474 1982 15
495 1910 636 1977 ποθέν’
612 1940 687 1978 acto
706 1914 900 1994 ανιμιξσασθαι
918 1916 1071 1986 δύνασθαι,
1093 1918 1196 1986 νυκτός
1213 1921 1243 1978 ot
1260 1923 1426 1994 διελθούσης
1442 1927 1491 1981 καί
1507 1918 1652 1998 ημέρας’
1633 1919 1754 1996 αρῦεται

495 2005 703 2076 πεπλησμένον,
720 2008 840 2098 γλυκέος
857 2027 889 2064 τε
906 2010 955 2063 καί
967 2007 1094 2074 ποτίμου
1111 1996 1214 2071 άδατος
1227 2005 1337 2075 μεστὸν
1355 2000 1435 2064 αότό.
1463 2011 1513 2065 καί
1529 2003 1564 2065 ’11.
1582 2004 1662 2067 tii
1657 2018 1754 2084 Ακρα·

495 2099 629 2162 γαντῑνος
648 2091 724 2162 λέγει
742 2112 768 2149 τι
787 2088 859 2150 εἶναι
876 2087 962 2190 γλυκὺ
979 2089 1011 2147 ἐν
1029 2094 1076 2160 τῆι
1092 2085 1232 2161 θαλάττηι
1250 2081 1327 2164 ὕδωρ
1346 2083 1380 2148 oi
1398 2095 1469 2150 πᾶσι
1486 2097 1584 2165 δῆλον,
1606 2093 1755 2168 τρόφιμον

495 2175 525 2231 δὲ
547 2179 606 2230 τῶν
628 2171 745 2247 ἰχθύων.
779 2179 829 2232 καί
851 2174 904 2248 τὴν
926 2175 1024 2232 αἰτίαν
1046 2179 1129 2232 τοῦδε
1152 2179 1204 2231 τοῦ
1221 2173 1253 2231 ἐν
1270 2180 1315 2246 τῆι
1332 2165 1417 2248 άλμηι
1434 2179 1659 2250 γλυκαινομένου
1677 2182 1754 2254 λέγει

494 2256 627 2331 φυσικόν,
644 2253 678 2331 ἣν
694 2259 809 2318 ἐκεῖθεν
826 2257 948 2318 εἴσεσθε.

444 2459 474 2509 20
598 2452 640 2501 61.
662 2447 765 2502 Απιεπ.
784 2448 819 2502 do
836 2448 951 2504 cacloB
971 2453 1011 2503 13.
1028 2452 1091 2503 235·
1099 2452 1130 2502 13
1154 2445 1198 2503 διό
1222 2445 1254 2504 tr
1275 2451 1325 2504 καί
1346 2468 1398 2519 την
1418 2451 1473 2520 γῆν
1490 2448 1596 2517 πάντες
1614 2441 1681 2509 όσοι
1699 2473 1755 2511 τον

496 2525 623 2605 οῦρανόν
645 2536 785 2603 γεννῶσιν
808 2530 855 2589 ἐπὶ
877 2531 912 2590 τὸ
937 2534 1028 2604 μέσον
1046 2536 1194 2590 συνελθειν
1211 2551 1307 2604 φασιν.
1344 2522 1389 2589 ότι
1406 2533 1437 2591 δὲ
1453 2532 1545 2603 μένει,
1567 2537 1732 2608 ζητοῦσι
1701 2559 1755 2610 την

495 2618 592 2673 αἰτίαν
608 2619 657 2672 καί
673 2615 804 2689 λέγουσιν
823 2636 851 2675 οι
842 2617 921 2687 μέν
938 2621 1045 2675 τοῦτον
1062 2615 1117 2673 τόν
1134 2613 1255 2689 τρόπον,
1275 2607 1320 2674 ότι
1337 2616 1373 2674 τό
1392 2615 1503 2685 πλάτος
1519 2624 1568 2676 καί
1579 2618 1614 2677 τό
1627 2621 1755 2694 μέγεθος

496 2693 581 2773 αῦτῆς
598 2697 700 2768 αἰτιον,
718 2695 792 2759 οιδ’
810 2693 910 2775 όοπερ
928 2696 963 2760 ’11.
981 2725 1035 2775 την
1052 2706 1106 2760 τοῦ
1124 2695 1250 2772 οῦρανοῦ
1267 2701 1366 2773 φορὰν
1381 2699 1486 2761 κυκλυι
1498 2704 1692 2778 περιθέουσαν
1704 2711 1755 2763 καί

496 2790 607 2844 θᾶττον
628 2788 791 2860 φερομένην
813 2808 865 2860 την
888 2793 938 2860 τῆς
958 2793 1010 2861 γῆς
1031 2785 1130 2861 φοράν
1151 2782 1271 2844 κωλύειν
1292 2783 1428 2862 καθάπερ
1450 2810 1485 2847 το
1476 2786 1536 2846 ἐν
1553 2799 1614 2855 τοῖς
1630 2787 1755 2859 κυάθοις

444 2884 473 2934 25
494 2861 583 2944 υδωρ
600 2874 650 2928 καί
667 2870 724 2944 γάρ
742 2874 829 2928 τοῦτο
846 2865 952 2930 κόκλωι
971 2893 1024 2931 του
1011 2869 1148 2930 κυάθου
1160 2872 1323 2947 φερομένου
1335 2870 1474 2941 πολλάκις
1484 2865 1566 2975 κάτφ
1578 2894 1630 2933 του
1617 2878 1754 2947 χαλκοῦ

495 2953 651 3028 γινόμενον
670 2948 748 3026 ὅμως
767 2949 801 3013 ot
818 2956 936 3031 φέρεται
953 2958 1035 3016 κότον
1053 2953 1182 3030 πεφυκὸς
1199 2956 1340 3028 φέρεσθαι
1358 2954 1402 3014 διὰ
1421 2979 1473 3030 την
1491 2952 1578 3031 αότην
1596 2959 1700 3017 αἰτίαν.

599 3164 640 3214 68.
665 3160 779 3216 θπππυι
790 3170 846 3218 nat.
859 3170 963 3232 quaest.
976 3163 1018 3218 ΠΙ
1030 3167 1100 3229 24,1
1123 3161 1160 3216 Ε.
1184 3161 1325 3216 eaiotimot
1346 3161 1466 3231 ι’ρυίῦαε,
1491 3179 1558 3232 ρυοε
1577 3164 1672 3219 multia
1691 3165 1757 3222 locio

496 3248 570 3301 tomo
582 3249 688 3316 θρανίου
706 3247 775 3317 tecit,
795 3263 897 3315 aquam
908 3249 1041 3314 coieocorc,
1060 3246 1086 3302 ci
1101 3246 1214 3302 oabiccti
1227 3249 1294 3301 caat
1309 3246 1334 3300 ci
1351 3246 1414 3314 colo,
1424 3263 1477 3316 ρον
1489 3248 1561 3316 qaod
1572 3249 1652 3317 aquic
1664 3253 1756 3306 traaa-

495 3348 590 3386 αυνεαε
607 3335 654 3387 cot.
688 3332 778 3401 saccae
794 3333 910 3387 colomao
928 3333 1058 3411 drocoaco
1075 3335 1102 3387 et
1117 3331 1242 3387 miliaria
1259 3335 1286 3386 et
1302 3331 1452 3401 complacco
1468 3332 1582 3402 formos,
1606 3334 1638 3388 ia
1656 3337 1757 3404 quibat

445 3427 474 3476 30
497 3434 559 3472 aare
577 3417 652 3471 team
664 3417 774 3485 fictitio
790 3418 922 3472 ctraimao
935 3434 987 3487 por
1004 3417 1103 3472 doclioc
1114 3416 1295 3486 circamhctao,
1312 3419 1345 3471 at
1361 3433 1440 3486 coepe
1457 3416 1571 3473 eaodem
1587 3419 1678 3489 iactam
1696 3439 1756 3477 am-

497 3501 572 3556 bico-o
584 3519 658 3571 τηατ
671 3518 724 3572 por
736 3506 844 3557 tamtam
860 3502 933 3570 fluat
947 3501 1034 3572 opatii
1045 3505 1179 3571 qaoatam
1191 3502 1332 3571 cffiaaado
1345 3501 1429 3556 coloci
1446 3505 1493 3557 cat
1502 3506 1547 3559 cot.
1577 3504 1685 3576 Ῐνίρίάσ
1701 3508 1756 3563 ita-

497 3605 547 3657 quo
563 3587 657 3655 intrat,
676 3587 769 3655 effluit
785 3586 884 3642 calida.
918 3587 990 3641 idom
1007 3586 1058 3641 oab
1077 3589 1152 3642 terra
1168 3586 1203 3642 Ε.
1222 3587 1363 3642 existimat
1377 3586 1447 3655 fiori.

601 3778 642 3828 63.
661 3772 930 3843 [Αειεπ.]ρεολνί.24,
941 3776 982 3827 11.
996 3777 1096 3828 331·11
1116 3771 1160 3830 διά
1178 3774 1208 3830 τί
1225 3766 1282 3830 ὑπὸ
1300 3777 1360 3829 τῶν
1378 3777 1497 3846 θερμῶν
1513 3769 1627 3833 ὑδάτων
1644 3780 1757 3845 μᾶλλον

499 3853 594 3929 iimo
619 3862 679 3915 τῶν
702 3862 823 3930 ψυχράν
845 3852 1000 3930 πήγνυνται
1022 3860 1119 3923 λίθοι,·
1153 3857 1283 3931 πότερον
1305 3848 1351 3914 ότι
1373 3862 1418 3929 τηι
1441 3863 1494 3916 τοῦ
1516 3852 1607 3933 ῦγροῦ
1627 3858 1758 3934 ἐκλείφει

445 3950 475 3999 35
496 3945 604 4014 γίνεται
627 3944 724 4009 λίθος,
748 3947 861 4013 μᾶλλον
882 3943 913 4000 δὲ
934 3938 993 4000 ὑπὸ
1017 3946 1070 4001 τοῦ
1087 3946 1199 4014 θερμοῦ
1216 3938 1305 4013 ἢτοῦ
1323 3947 1436 4017 ψυχροῦ
1453 3940 1578 4002 ἐκλείπει
1596 3941 1631 4001 τό
1651 3939 1756 4019 ῦγρόν·

496 4030 545 4084 καί
567 4020 759 4086 άπολιθοῦται
782 4024 815 4099 δὴ
836 4023 880 4085 διὰ
899 4021 934 4084 τὸ
953 4027 1080 4098 θερμόν,
1101 4023 1238 4100 καθάπερ
1255 4031 1305 4083 καί
1320 4020 1358 4084 ’11.
1377 4048 1445 4100 φησι
1463 4020 1515 4096 τός
1532 4049 1564 4086 τε
1582 4028 1690 4100 πέτρας
1707 4034 1758 4087 καί

496 4108 565 4179 τοῦς
588 4116 687 4180 λίθους
709 4116 758 4170 καί
782 4108 818 4171 τά
841 4112 937 4183 θερμά
961 4117 1020 4170 τιῦν
1038 4106 1151 4170 ῦδάτων
1167 4115 1301 4185 γίνεσθαι
1320 4113 1392 4177 [hinc
1408 4113 1527 4170 sonasse
1543 4112 1672 4169 fabulosa
1688 4120 1758 4170 nota

495 4199 604 4255 Alborti
620 4199 657 4253 M.
675 4199 939 4265 deminoral.11‚4
957 4198 995 4264 (II
1006 4201 1057 4252 213
1075 4197 1196 4268 Jammy)
1219 4198 1324 4253 adscito
1342 4198 1423 4253 simul
1440 4198 1473 4252 fr.
1487 4202 1519 4252 36
1538 4214 1572 4253 ox
1590 4197 1755 4262 Aristotele]

496 4285 579 4342 Psell.
591 4286 626 4341 de
637 4286 691 4354 lap.
702 4303 730 4356 p.
742 4289 774 4340 38
792 4284 923 4340 Bernard.
941 4280 1054 4340 τοτ’-τιον
1070 4282 1101 4340 δέ
1118 4287 1177 4340 τῶν
1199 4278 1280 4353 παρὰ
1298 4293 1361 4349 τοῖς
1386 4286 1481 4350 λίθοις
1504 4279 1652 4353 δυνάμεων
1666 4280 1758 4354 (τὰς)

446 4374 475 4424 10
497 4370 593 4436 αἰτίας
611 4374 714 4428 πολλοὶ
731 4365 901 4442 ἐθάρρησαν
912 4361 1084 4434 ἀποδοῦναι,
1100 4371 1159 4424 τῶν
1171 4367 1224 4437 μὲν
1236 4361 1438 4441 άρχαιοτὲρονν
1449 4373 1552 4440 σοφιῦν
1564 4359 1759 4441 Ἀναξαγόρας

496 4459 545 4512 καί
566 4449 603 4512 Ἐ.
626 4459 675 4511 καί
698 4452 888 4526 Δημόκριτος,
909 4456 969 4509 τῶν
990 4453 1021 4510 δὲ
1044 4448 1078 4510 οό
1100 4451 1174 4510 πολὺ
1197 4450 1255 4526 πρὸ
1279 4448 1392 4525 ἡμῶνίί)
1416 4446 1432 4510 ὃ
1455 4450 1489 4510 ἐκ
1511 4456 1560 4524 της
1577 4445 1759 4525 Ἀφροδισίας

497 4539 683 4611 Ἀλέξανδρος.
713 4540 879 4595 Ριυειπυπ.
891 4539 970 4607 prim.
981 4537 1045 4608 frig.
1060 4542 1128 4604 13,4
1145 4554 1172 4606 p.
1182 4537 1265 4592 353Ε
1283 4540 1364 4594 ταυτί
1381 4537 1410 4596 δὲ
1427 4537 1463 4595 τό
1482 4536 1596 4610 ἐμφανῆ
1612 4536 1759 4613 κρημνοὺς

497 4627 546 4680 καί
564 4624 724 4689 σκοπέλους
741 4628 790 4682 καί
808 4623 915 4692 πέτρας
930 4617 967 4679 ’11.
985 4623 1039 4692 μὲν
1055 4617 1112 4680 ὑπὸ
1130 4626 1184 4680 τοῦ
1200 4620 1293 4692 πυρός
1311 4618 1402 4679 οἴεται
1420 4627 1474 4680 τοῦ
1490 4620 1522 4679 ἐν
1538 4618 1627 4694 βάθει
1645 4626 1695 4693 τῆς
1705 4625 1759 4694 γῆς

498 4703 683 4765 ἑστάναικαὶ
701 4701 857 4780 άνέχεσθαι
874 4704 1069 4779 διερειδόμενα
1087 4709 1322 4779 φλεγμαίνοντος.
