4117 5617
493 570 555 628 210
1020 573 1061 624 10.
1079 567 1226 625 CRATES

492 746 606 819 ίκανός
627 745 663 805 ἐν
679 740 897 829 φιλοσοφίαι.
977 741 1077 818 ούτος
1095 745 1137 806 τά
1160 748 1284 806 ἐαυτοῦ
1305 747 1545 829 συγγράμματα
1560 751 1749 828 κατακάων,
1760 753 1796 814 95

492 848 538 923 ὥς
561 864 667 932 φησιν
686 837 828 907 Ἑκάτων
850 846 886 906 ἐν
908 846 1051 930 πρώτωι
1071 848 1219 930 Χρειῶν,
1242 843 1396 927 ἐπέλεγε·

565 937 642 1011 τάδ’
661 938 734 1009 ἐστ’
755 948 895 1031 ὀνείρων
917 951 1080 1032 νερτέρων
1104 949 1329 1033 φαντάσματα
1352 945 1417 1026 [Π
1430 946 1478 1010 a&
1494 950 1556 1011 285
1571 969 1602 1030 p.
1616 952 1682 1013 894
1696 945 1750 1035 R]

492 1048 577 1129 [οἷον
600 1042 727 1135 λήρος]·
758 1051 793 1111 οί
815 1040 859 1125 δ’,
883 1050 938 1110 ότι
966 1050 1028 1123 τάς
1060 1048 1284 1135 Θεοφράστου
1315 1049 1496 1132 ἀκροάσεις
1526 1051 1750 1138 καταφλέγων

457 1149 666 1233 ύέπέλεγεν

567 1244 749 1338 Ἥφαιστε,
777 1243 925 1336 πρόμολ’
956 1248 1033 1329 ὦόε,
1070 1251 1170 1327 Θέτις
1203 1255 1241 1314 νύ
1274 1273 1308 1316 τι
1342 1259 1414 1317 σεῖο
1446 1249 1576 1334 χατίζει
1606 1248 1748 1340 [Σ392].

492 1354 591 1430 ούτος
612 1352 704 1436 έλεγε
726 1361 793 1416 τῶν
824 1355 1032 1439 πραγμάτων
1059 1355 1101 1416 τά
1129 1355 1191 1432 μὲν
1220 1355 1379 1440 ἀργυρίου
1408 1357 1519 1441 ὠνητά
1543 1355 1643 1435 εἶναι,
1674 1358 1749 1422 οίον

492 1458 615 1521 οίκίαν·
645 1456 686 1517 τά
710 1452 747 1517 όὲ
768 1458 889 1541 χρόνου
911 1455 969 1516 καί
996 1453 1204 1534 ἐπιμελείας,
1228 1458 1276 1531 ὡς
1298 1454 1469 1522 παιόείαν.
1514 1461 1574 1521 τόν
1596 1455 1749 1523 πλοῦτον

490 1557 665 1643 βλαβερόν,
689 1559 721 1618 εί
739 1559 785 1642 μή
809 1578 862 1631 τις
884 1553 989 1633 ἀξίως
1011 1559 1119 1620 αύτῶι
1132 1565 1267 1643 χρῶιτο.
1312 1557 1467 1623 ἐτελεύτα
1491 1557 1528 1624 ύέ
1549 1562 1618 1622 ὑπό
1635 1563 1749 1648 γήρως

440 1677 469 1730 10
490 1664 609 1726 ἐαυτὸν
642 1656 774 1736 πνίξας.
822 1660 980 1744 μαθηταί
1010 1650 1045 1722 δ’
1077 1662 1182 1722 αὐτοῦ
1209 1660 1425 1746 Θεόμβροτος
1454 1664 1511 1726 καί
1539 1661 1747 1750 Κλεομένης,

493 1764 709 1848 Θεομβρότου
724 1764 921 1847 Δημήτριος
937 1758 1215 1847 όἈλεξανόρεύς,
1233 1760 1444 1841 Κλεομένους
1461 1765 1635 1850 Τίμαρχος
1653 1756 1748 1830 Ἀλε-

491 1864 649 1952 ξανόρεύς
673 1865 730 1926 καί
752 1855 901 1948 Ἐχεκλῆς
924 1859 1093 1948 Ἐφέσιος·
1124 1866 1163 1926 ού
1184 1867 1250 1951 μήν
1273 1862 1358 1926 ἀλλά
1386 1867 1443 1927 καί
1462 1857 1612 1953 Ἐχεκλῆς
1636 1867 1748 1948 Θεομ-

489 1971 612 2054 βρότου
636 1964 820 2052 όιήκουσευ,
851 1963 893 2027 ού
912 1961 1125 2048 Μενέόημος,
1156 1967 1237 2050 περί
1266 1965 1309 2029 ού
1335 1964 1482 2046 λέξομεν.
1527 1971 1658 2051 ἐγένετο
1689 1973 1747 2034 καί

488 2074 679 2144 Μένιππος
701 2069 877 2143 Σινωπεύς
899 2068 934 2129 ἐν
957 2068 1074 2141 αὐτοῖς
1096 2069 1278 2153 ἐπιφανής.

440 2190 468 2240 15
574 2172 736 2257 ἐθηράθη
771 2166 818 2245 ἀὲ,
839 2174 913 2244 τοῖς
945 2167 1059 2252 λόγοις
1097 2171 1154 2232 καί
1186 2175 1206 2256 ή
1241 2167 1372 2256 άύελφή
1406 2179 1470 2234 τού
1499 2170 1746 2258 Μητροκλέους
1755 2183 1790 2245 96

486 2269 678 2361 Ἱππαρχία.
715 2274 924 2349 Μαρωνῖται
946 2268 983 2333 δ’
996 2269 1084 2356 ήσαν
1100 2273 1299 2358 ἀμφότεροι.
1336 2274 1394 2335 καί
1408 2275 1473 2359 ήρα
1489 2281 1552 2336 τοῦ
1565 2275 1746 2359 Κράτητος

486 2379 545 2439 καί
567 2384 634 2439 τῶν
650 2373 758 2456 λόγων
779 2373 836 2434 καί
858 2380 921 2435 τοῦ
933 2375 1020 2455 βίου,
1045 2371 1181 2450 ούόενός
1203 2381 1270 2437 τῶν
1284 2379 1562 2460 μνηστευομένων
1585 2379 1745 2462 ἐπιστρε-

490 2483 630 2565 φομένη,
654 2479 693 2540 ού
716 2473 876 2551 πλούτου,
909 2478 967 2538 οὐκ
996 2477 1173 2558 εύγενείας,
1202 2479 1241 2538 ού
1263 2474 1419 2552 κάλλους·
1451 2475 1535 2540 άλλά
1566 2480 1681 2541 πάντα
1704 2476 1745 2564 ἦν

489 2583 626 2666 Κράτης
642 2581 750 2665 αότήι.
793 2580 850 2641 καί
872 2575 913 2664 ἐή
929 2579 986 2640 καί
1001 2575 1138 2663 ἠπείλει
1158 2582 1232 2653 τοῖς
1246 2586 1399 2661 γονεῦσιν
1415 2580 1612 2665 ἀναιρήσειν
1628 2584 1743 2667 αὑτήν,

438 2701 467 2750 20
490 2685 522 2745 εί
543 2686 587 2769 μή
611 2685 737 2744 τούτωι
760 2678 892 2764 όοθείη.
937 2682 1075 2765 Κράτης
1096 2682 1157 2758 μὲν
1181 2679 1238 2743 οὖν
1261 2678 1562 2766 παρακαλούμενος
1582 2684 1653 2747 ὑπό
1676 2693 1745 2748 τῶν

488 2790 613 2868 γονέων
635 2786 738 2870 αὐτῆς
760 2783 961 2867 ἀποτρέψαι
982 2784 1042 2868 τήν
1065 2778 1184 2858 παῖόα,
1213 2784 1326 2844 πάντα
1349 2783 1472 2859 ἐποίει,
1499 2785 1556 2847 καί
1578 2783 1676 2862 τέλος
1698 2790 1743 2874 μή

489 2887 635 2963 πείθων,
659 2885 808 2958 ἀναστάς
829 2884 886 2945 καί
902 2884 1122 2962 ἀποθέμενος
1143 2885 1202 2968 τήν
1225 2887 1349 2946 ἐαυτοῦ
1369 2886 1486 2970 σκευήν
1507 2885 1664 2973 ἄντικρύς
1687 2892 1744 2950 αύ-

488 2996 548 3075 τής
576 2989 659 3073 ἐφη·
686 2978 726 3047 ίό
745 2988 807 3065 μὲν
833 2987 980 3071 νυμφίος
1006 2983 1115 3062 ούτος,
1143 2990 1163 3071 ή
1188 2982 1224 3047 d&
1246 2993 1363 3071 κτῆσις
1394 2988 1488 3071 αὕτη,
1520 2992 1610 3074 πρός
1638 2999 1744 3054 ταῦτα

488 3084 679 3171 βουλεύου’·
703 3084 781 3150 οὐδὲ
797 3088 860 3172 γάρ
876 3087 1023 3149 ἔσεσθαι
1038 3090 1208 3165 κοινωνόν,
1232 3090 1263 3152 εί
1276 3091 1321 3174 μή
1345 3089 1402 3150 καί
1417 3095 1484 3151 τῶν
1500 3090 1611 3154 αὐτῶν
1627 3094 1746 3178 ἐπιτη-

437 3213 466 3263 25
489 3188 662 3270 όευμάτων
694 3191 865 3275 γενηθείη.
964 3187 1072 3253 είλετο
1107 3195 1126 3275 ή
1161 3195 1246 3265 παῖς
1278 3190 1335 3251 καί
1368 3192 1490 3253 ταύτόν
1523 3190 1742 3275 ἀναλαβοῦσα
1754 3205 1789 3264 97

491 3302 599 3380 σχῆμα
623 3293 842 3376 συμπεριήιει
860 3288 978 3376 τάνόρί
1000 3292 1058 3353 καί
1080 3293 1116 3353 ἐν
1138 3299 1202 3354 τῶι
1225 3298 1377 3377 φανερῶι
1393 3294 1581 3374 συνεγίνετο
1603 3297 1663 3358 καί
1685 3297 1746 3358 ἐπί

489 3397 530 3458 τά
555 3391 676 3456 όεϊπυα
707 3394 835 3477 άπήιει.
882 3395 938 3454 ύτε
964 3394 1021 3454 καί
1051 3394 1140 3477 πρός
1165 3395 1369 3474 Λυσίμαχον
1398 3397 1448 3470 είς
1475 3397 1514 3459 τό
1550 3400 1746 3475 συμπόσιον

488 3495 608 3583 ήλθον,
638 3497 724 3559 ἔνθα
761 3490 940 3579 Θεόδωρον
967 3497 1026 3557 τόν
1053 3492 1193 3579 ἐπίκλην
1213 3487 1341 3559 ’Ἀθεον
1374 3493 1552 3583 ἐπήλεγξε,
1588 3502 1746 3585 σόφισμα

490 3602 698 3686 προτείνασα
722 3605 874 3659 τοιοῦτο·
906 3598 1059 3659 ὃποιῶν
1089 3593 1269 3682 Θεόόωρος
1297 3600 1355 3659 οὐκ
1381 3599 1422 3661 ἀν
1450 3595 1578 3662 άόικεῖν
1601 3597 1746 3683 λέγοιτο,

439 3723 469 3773 30
491 3698 566 3764 οὐδ’
591 3693 774 3785 Ἱππαρχία
797 3706 947 3761 ποιοῦσα
976 3705 1077 3761 τοῦτο
1107 3695 1235 3761 άόικεῐν
1262 3691 1385 3781 λέγοιτ’
1417 3702 1473 3762 άν·
1504 3698 1687 3789 Θεόδωρος
1711 3700 1747 3765 όὲ

491 3807 627 3865 τύπτων
642 3803 762 3864 ἐαυτὸν
778 3803 835 3862 οὐκ
852 3797 970 3876 άόικεϊ,
994 3792 1069 3861 οὐδ’
1095 3802 1160 3885 ἀρα
1174 3792 1355 3886 Ἱππαρχία
1374 3799 1553 3888 Θεόόωρον
1568 3806 1747 3868 τύπτουσα

491 3901 609 3966 άόικεῖ.
656 3904 675 3963 ό
704 3899 740 3965 δὲ
768 3904 857 3988 πρός
884 3904 945 3981 μὲν
974 3904 1013 3964 τό
1044 3898 1165 3981 λεχθὲν
1193 3899 1289 3965 οὐδὲν
1312 3904 1515 3989 ἀπήντησεν,
1545 3905 1688 3991 άνέσυρε
1713 3902 1748 3969 δ’

492 4008 594 4091 αύτής
611 4006 813 4083 θοιμάτιον·
837 3996 914 4066 ἀλλ’
940 4005 1016 4066 ούτε
1031 4000 1224 4088 κατεπλάγη
1244 3996 1426 4091 Ἱππαρχία
1442 4008 1518 4070 οὔτε
1534 4002 1747 4092 διεταράχθη

492 4111 538 4183 ὡς
553 4109 642 4192 γυνή.
708 4104 793 4168 ἀλλά
808 4107 865 4169 καί
881 4109 1040 4181 εἰπόντος
1055 4108 1169 4193 αύτήι·
1188 4094 1293 4190 ίαύτη
1305 4098 1400 4169 ’στίν
1414 4111 1434 4192 ή
1451 4109 1512 4182 τάς
1526 4104 1618 4193 παρ’
1635 4111 1747 4184 ίστοῖς
1758 4123 1794 4183 98

493 4330 523 4380 11
543 4323 723 4394 Κλεομένους
744 4326 888 4396 Τίμαρχος
905 4341 960 4380 om.
976 4325 1038 4378 BF:
1062 4322 1244 4393 Κλεομένους
1261 4322 1313 4377 del.
1330 4322 1373 4392 1³²,
1396 4330 1461 4380 rest
1473 4324 1509 4378 Ρ8
1578 4329 1611 4380 15
1631 4329 1749 4399 Μητρο-

490 4409 591 4476 κλέους
603 4407 757 4481 Ἱππαρχία
775 4425 829 4466 om.
841 4410 891 4463 B¹:
911 4412 1090 4464 ΙΠΠΑΡΧΕΙΑ
1107 4409 1179 4463 inter
1189 4423 1286 4463 vorsus
1304 4408 1333 4463 in
1344 4425 1395 4464 ras.
1408 4408 1472 4465 εάά
1481 4401 1533 4463 1³¹:
1550 4412 1749 4481 μητροκλέους

491 4496 528 4550 B²
615 4500 647 4550 16
665 4505 841 4564 μαρωνεῑται
859 4495 922 4550 libri
1008 4497 1040 4549 18
1059 4498 1111 4551 τοῦ
1129 4489 1256 4550 πλούτου
1274 4497 1339 4559 (om.
1359 4487 1402 4560 οὐ)
1488 4498 1520 4548 22
1540 4487 1704 4566 άντικρὺΡ

492 4584 525 4635 21
542 4577 686 4645 κοινωνὸς
702 4579 779 4634 libri:
798 4579 903 4634 correxi
972 4583 1005 4633 25
1023 4580 1159 4650 γενηθείη
1176 4578 1209 4631 F:
1229 4581 1379 4651 γενηθείης
1394 4579 1442 4633 ΒΡ
1512 4583 1545 4633 26
1564 4579 1665 4649 quidni
1683 4601 1751 4638 ουν·

492 4659 607 4735 απήιειί
675 4668 709 4718 28
726 4655 865 4735 ἦλθονΒε
883 4653 1066 4735 ἦλθενῈΡίο
1077 4664 1128 4730 sil.)
1198 4668 1230 4718 33
1248 4657 1264 4735 ἦ
1284 4660 1460 4735 ἱππαρχίαΒ
1529 4667 1562 4717 34
1581 4657 1751 4738 αάτῆιαῧτη

492 4741 564 4806 ’στὶν
580 4742 597 4819 ἦ
614 4741 696 4814 ι’στίν
712 4742 729 4819 ἡ
747 4764 782 4803 ox
799 4764 867 4803 corr.
878 4748 921 4816 B¹,
941 4745 1018 4804 ἐστίν
1035 4747 1051 4819 ἡ
1064 4748 1096 4813 F]
1113 4749 1174 4802 BF:
1192 4741 1319 4816 αὖτοῦβ)
1337 4742 1420 4820 αὐτῆι
1437 4749 1494 4806 τίνι
1505 4747 1537 4816 Ρ,
1554 4747 1621 4804 fort.
1634 4749 1673 4804 1³¹
