4117 5617
490 549 552 610 104
671 577 673 580 ·
980 555 1004 605 5.
1021 548 1266 607 EMPEDOOLES

483 715 583 787 ‘enimc
602 711 620 776 ό
637 739 682 777 τοι
700 713 789 792 λίγω’
807 714 860 791 ἔφη
873 721 1026 791 Πίνδαρος,
1045 714 1122 776 ἐστιν
1138 716 1196 793 γόιρ
1212 715 1291 791 χρόα
1309 711 1443 791 όπορροή
1463 715 1618 793 σχήματων
1635 717 1745 791 [σωμό·

488 826 547 863 των
563 805 655 872 Alex„
672 805 690 861 l.
706 803 863 877 χρήματων
885 821 946 860 cum
964 805 987 861 T
1005 821 1073 860 eorr.
1091 804 1125 861 υί.
1143 804 1217 860 Berl.
1235 804 1303 859 sm.
1318 807 1392 871 1884,
1411 809 1471 870 349]
1491 800 1562 877 όψει
1578 799 1745 879 σύμμετρος

487 894 536 946 καί
554 887 700 961 αἰσθητός,
734 891 923 959 Am.115,3
942 888 987 954 [D.
1000 894 1060 956 318]
1082 882 1270 962 Ἐμπεδοκλῆς
1289 893 1394 960 χρῶμα
1418 883 1491 947 εἶναι
1509 883 1689 962 όπεφαίνετο
1709 887 1744 948 τὸ

488 983 550 1040 τοῖς
567 972 673 1045 πόροις
690 979 739 1044 τῆς
757 970 1057 1048 όφεωςῖέναρμόττον.
1085 975 1208 1044 τέτταρα
1227 975 1258 1032 δέ
1274 983 1337 1040 τοῖς
1348 977 1503 1047 στοιχείοις
1515 970 1665 1049 ἰσάριθμα.
1682 981 1744 1033 λεο-

444 1062 465 1111 5
485 1057 540 1118 κόν
548 1059 637 1129 μέλαν
645 1057 773 1131 ἐρυθρόν
781 1054 879 1132 ω’χρόν
888 1064 933 1126 [an
942 1059 960 1114 i.
970 1075 996 1129 q.
1005 1056 1122 1131 χλωρόν
1131 1058 1165 1115 ci.
1176 1057 1271 1114 Galen
1280 1058 1334 1115 XV
1343 1059 1411 1114 554?
1424 1066 1454 1116 at
1464 1060 1499 1115 ei.
1508 1061 1637 1117 Heraclit-
1647 1059 1682 1114 ir.
1693 1065 1744 1127 19].

589 1183 631 1234 93.
648 1178 691 1234 In.
708 1178 747 1234 IV
761 1182 828 1248 16,1
847 1177 894 1248 [D.
903 1183 963 1245 406]
986 1171 1024 1236 Ἐ.
1048 1174 1099 1250 τήν
1121 1171 1215 1249 οίκοήν
1236 1180 1370 1251 γίνεσθαι
1386 1179 1462 1237 κατὰ
1482 1176 1534 1251 τήν
1551 1178 1744 1249 πρόσπτωσιν

487 1260 651 1332 πνεῦματος
673 1267 724 1320 τῶι
746 1260 910 1334 χονδρώδει,
935 1253 1009 1336 όπερ
1033 1266 1118 1334 φησίν
1139 1260 1310 1335 ἐξηρτῆσθαι
1335 1259 1419 1330 ἐντός
1440 1267 1493 1321 τοῦ
1510 1259 1588 1330 ῶτὸς
1603 1261 1744 1330 κώδωνος

488 1350 578 1420 δίκην]
586 1345 786 1422 αἰωρούμενον
802 1351 851 1404 καί
869 1344 1051 1417 τυπτόμενον
1069 1347 1112 1414 [ef.
1130 1347 1164 1403 fr.
1177 1352 1229 1414 99].

590 1471 633 1522 94.
650 1467 692 1522 In.
710 1467 751 1523 1v
771 1471 811 1534 17,
828 1471 844 1521 2
864 1466 909 1532 [1).
921 1471 981 1532 401]
1003 1460 1040 1524 Ἑ.
1064 1475 1127 1533 ταῖς
1151 1459 1312 1533 ἀναπνοαῖς
1333 1475 1397 1533 ταῖς
1419 1461 1479 1525 όπό
1502 1471 1556 1525 τοῦ
1578 1464 1743 1538 πνεύμονος

438 1553 466 1603 10
488 1554 736 1624 συνεισκρίνεσθαι
754 1546 806 1624 τὴν
819 1544 922 1622 όσμήν·
942 1547 1014 1609 όταν
1026 1555 1097 1624 γοῦν
1114 1547 1131 1623 ᾗ
1150 1546 1281 1624 όναπνοή
1293 1557 1400 1626 βαρεῖα
1412 1553 1536 1624 γένηται,
1552 1549 1628 1611 κατὰ
1640 1549 1740 1627 τραχό

487 1657 558 1710 τητα
575 1634 613 1708 μή
626 1632 879 1703 συναισθάνεσθαι,
896 1631 936 1704 ῶς
953 1635 1000 1694 ἐπί
1018 1641 1078 1694 τῶν
1090 1634 1347 1708 ῥευματιζομένων.
1374 1637 1463 1693 Arist.
1476 1638 1511 1694 de
1523 1654 1606 1694 sensu
1623 1643 1649 1693 4.
1660 1643 1741 1694 [41¹3

486 1718 503 1794 ἥ
522 1723 552 1781 δὲ
563 1726 658 1796 γεῦσις
675 1717 734 1793 όιφή
752 1723 796 1788 τίς
806 1719 892 1779 ἐστιν.
927 1716 944 1793 ἦ
962 1721 1015 1791 μέν
1033 1712 1085 1780 σόν
1103 1725 1156 1778 τοῦ
1167 1714 1270 1788 ῦδατος
1287 1721 1371 1794 φύσις
1381 1720 1518 1796 βούλεται
1530 1718 1641 1793 υίχυμος
1659 1718 1741 1780 εἶναι.

487 1801 597 1880 όνόγκη
615 1800 643 1863 δ’
659 1802 678 1878 ἢ
693 1804 725 1863 ἐν
738 1802 827 1863 αῦτῶι
844 1802 878 1864 τό
891 1799 966 1880 ῦδωρ
985 1802 1061 1878 ἔχειν
1078 1804 1114 1864 τό
1133 1805 1201 1878 γένη
1219 1808 1279 1862 τῶν
1288 1810 1388 1877 χυμῶν
1400 1800 1564 1880 όναίσθητα
1582 1804 1627 1865 δαί
1639 1806 1741 1878 μικρό·

487 1913 566 1966 τητα,
582 1889 719 1962 καθάπερ
736 1883 772 1947 ’D
791 1910 884 1964 φησιν.
1358 1889 1362 1897 “

436 2010 463 2061 15
587 2016 629 2067 95.
645 2012 687 2066 In.
700 2012 740 2067 IV
752 2015 777 2078 9,
791 2014 821 2065 14
835 2010 880 2077 [1).
890 2013 949 2074 398]
964 2010 1143 2081 Παρμενίδης
1152 2002 1188 2067 Ἑ.
1201 2007 1327 2082 ἐλλείψει
1338 2013 1449 2082 τροφῆς
1460 2008 1512 2082 τήν
1524 2006 1626 2083 ὄρεξιν.
1653 2017 1694 2068 15.
1705 2005 1741 2070 'le

486 2091 650 2168 τόιςῆδσνός
662 2099 794 2169 γίνεσθαι
806 2105 869 2162 τοῖς
879 2095 932 2165 μέν
943 2090 1058 2164 ὁμοίοις
1066 2094 1132 2162 (ἐκ>
1141 2097 1200 2151 τῶν
1211 2089 1332 2164 ὁμοίων,
1343 2091 1419 2153 κατὰ
1430 2095 1461 2154 δέ
1473 2092 1507 2154 τό
1520 2094 1653 2154 ἐλλεῖπον
1666 2094 1742 2165 πρός

486 2179 538 2253 τήν
550 2174 762 2254 οίναπλήρωσιν,
781 2174 856 2238 ῶστε
873 2183 926 2237 τῶι
937 2176 1098 2236 ἐλλείποντι
1115 2174 1132 2250 ή
1152 2175 1245 2250 όρεξις
1262 2183 1315 2238 τοῦ
1329 2175 1442 2249 όμοίου.
1471 2175 1523 2248 τόις
1540 2175 1568 2238 δ’
1581 2173 1741 2254 ἀλγηδόνας

486 2275 548 2333 τοῖς
559 2264 710 2333 ἐναντίοις*
728 2258 941 2339 ἠλλοτριῶσθαι
959 2262 1016 2338 γὰρ
1035 2259 1110 2334 πρός
1122 2261 1228 2335 όλληλα
1247 2254 1304 2322 όσα
1323 2264 1449 2336 διαφέρει
1460 2261 1537 2324 κατό
1554 2286 1587 2323 τε
1604 2262 1656 2338 τήν
1673 2263 1740 2339 σόγ-

485 2368 579 2421 κρισιν
595 2354 644 2408 καί
661 2346 790 2420 τὴντῶν
807 2351 959 2423 στοιχείων
975 2353 1087 2420 κρᾶσιν.
1122 2349 1193 2406 Vis
1213 2349 1257 2416 [D.
1269 2353 1329 2416 449]
1346 2342 1381 2407 Ἑ.
1399 2350 1452 2417 τὰς
1468 2350 1522 2421 μέν
1540 2343 1647 2421 όρέξεις
1663 2353 1740 2424 γίνε·

434 2435 463 2486 ²0
485 2440 553 2492 σθαι
571 2444 632 2501 τοῖς
649 2430 745 2504 ζῶιοις
767 2431 842 2492 κατό
865 2432 918 2502 τός
940 2432 1082 2500 ἐλλείψεις
1103 2438 1162 2491 τῶν
1185 2427 1408 2493 οἷποτελοόντων
1431 2431 1555 2494 ἕκαστον
1578 2438 1740 2509 στοιχείων,

486 2517 538 2587 τοὶς
555 2519 585 2576 δέ
605 2513 710 2590 ἡδονὰς
726 2517 759 2587 ἐξ
774 2520 885 2577 οόιείου
910 2515 1010 2593 [ὑγροῦ
1026 2519 1089 2575 libri
1106 2519 1141 2574 ei.
1159 2519 1195 2574 ad
1212 2523 1296 2584 1184]
1322 2523 1371 2577 καί
1389 2518 1500 2586 [κατόθ]
1518 2520 1571 2587 τὰς
1597 2525 1657 2578 τῶν
1682 2542 1740 2579 κιν-

485 2600 576 2662 δόνων
584 2605 766 2676 [σνγγενῶνί]
777 2609 826 2662 καί
836 2598 947 2675 όμοίων
957 2602 1081 2673 κινήσεις
1092 2601 1254 2676 [κρόσειςλ]
1267 2601 1318 2671 τός
1329 2604 1359 2662 δὲ
1372 2597 1503 2678 όχλήσεις
1513 2609 1562 2663 καί
1574 2605 1627 2673 ταὶς
1637 2600 1739 2680 (ἄλγη
1820 2653 1823 2657 ,

485 2685 572 2756 δόνας
588 2688 621 2757 ἐξ
636 2689 807 2762 οίνοικείου).

588 2811 629 2863 96.
646 2810 723 2864 Imm
739 2809 814 2878 Νι,
830 2814 860 2864 12
880 2810 924 2873 [D.
937 2813 996 2874 892]
1023 2810 1202 2881 Παρμενίδης
1227 2812 1277 2865 καί
1292 2801 1328 2867 ’n
1353 2813 1403 2866 καί
1425 2803 1605 2883 Δημόκριτος
1630 2802 1740 2868 ταῦτόν

433 2892 463 2942 25
484 2897 554 2951 νοῦν
569 2897 618 2950 καί
636 2892 737 2964 ψυχήν,
753 2887 827 2950 καθ’
847 2888 898 2960 οῦς
919 2887 1003 2952 οὐδὲν
1021 2889 1059 2952 όν
1076 2890 1119 2966 εἴη
1135 2896 1223 2962 ζῶιον
1243 2889 1352 2966 όλογον
1369 2897 1481 2965 κυρίως.

592 3033 633 3084 97.
650 3029 692 3084 In.
703 3029 744 3085 Ν
757 3032 808 3096 5,8
827 3028 872 3094 [D.
884 3033 944 3095 991]
962 3021 998 3086 ’m
1015 3026 1049 3087 ἐν
1066 3033 1111 3101 τῆι
1128 3033 1182 3088 τοῦ
1199 3026 1322 3098 αίματος
1334 3025 1469 3088 συστσίσει
1488 3035 1534 3096 [sc.
1553 3027 1587 3089 τό
1606 3026 1738 3104 ἡγεμονι-

484 3110 539 3170 κόν
557 3109 638 3179 είναι]
656 3112 690 3168 ci.
707 3113 845 3170 Theodor.
861 3113 932 3170 Vm
955 3110 992 3172 Ἔ.
1084 3112 1136 3187 τήν
1160 3116 1283 3186 καρδίαν
1305 3109 1514 3187 όπεκλήρωσαν
1539 3111 1656 3174 τοότωι.
1689 3120 1739 3173 καί

485 3194 597 3257 τοότων
614 3191 642 3254 δ’
660 3188 696 3257 αῦ
713 3194 799 3256 πόλιν
817 3196 845 3256 σί
861 3198 915 3268 μέν
931 3197 963 3256 ἐν
982 3203 1027 3271 τῆι
1043 3202 1151 3257 κοιλίαι
1169 3203 1220 3272 τῆς
1236 3203 1365 3272 καρδίας,
1384 3199 1412 3258 σί
1430 3200 1459 3258 δέ
1475 3198 1508 3258 ἐν
1525 3204 1576 3257 τῶι
1596 3197 1703 3270 αίματι.

587 3322 629 3374 98.
648 3316 774 3372 Omnes
792 3316 889 3373 Aurei.
906 3319 994 3374 morb.
1012 3318 1105 3375 chron
1123 3320 1165 3374 15
1192 3320 1237 3386 (de
1253 3319 1354 3386 furore)
1383 3319 1575 3390 Empedoclem
1600 3323 1739 3389 sequentes

433 3410 463 3460 30
485 3401 573 3456 aiiiim
590 3401 685 3456 dieunt
701 3419 734 3456 ex
752 3401 841 3456 am'mi
858 3406 1040 3473 ρανροιαταδο
1056 3403 1124 3472 fieri,
1149 3403 1237 3459 alium
1260 3404 1425 3459 alienatione
1451 3403 1550 3459 memiie
1567 3420 1601 3458 ex
1617 3403 1739 3473 οοιροιῦε

484 3502 569 3541 cauea
585 3486 640 3540 eive
650 3486 811 3555 iniquitat&
829 3487 862 3542 de
879 3504 931 3556 ηαο
948 3503 1021 3543 mem
1031 3488 1163 3558 εσνίρίανί
1173 3505 1276 3555 mmm,
1294 3506 1371 3559 quem
1386 3489 1491 3557 θνατοί,
1510 3488 1645 3558 αἰφνίδιον
1661 3505 1738 3558 meq-

484 3588 551 3626 mzm
567 3570 657 3640 faeiat
672 3570 844 3639 auxietatem,
863 3571 1007 3642 αδφοίίσαδ
1022 3575 1138 3642 μανίαν.
1173 3578 1217 3638 [ex
1229 3574 1344 3640 Sorano,
1361 3573 1438 3628 euius
1456 3573 1642 3645 etymologine
1658 3572 1739 3629 vonis

484 3656 574 3725 μανία
592 3655 801 3720 continuantur).

587 3778 627 3828 99.
645 3774 741 3829 Pmo
753 3772 868 3828 Phaedr.
882 3778 931 3829 248
941 3773 964 3829 (i
975 3775 1102 3840 [imitatio
1116 3779 1286 3847 Καθαρμῶν
1301 3776 1336 3832 οἱ.
1347 3776 1381 3831 fr.
1393 3780 1452 3842 115]
1464 3773 1575 3847 θεσμός
1593 3798 1626 3836 τε
1642 3772 1738 3848 Ἀδρα-

432 3869 463 3917 35
486 3861 584 3924 στείας
596 3849 657 3915 όδε·
669 3849 730 3929 ήτις
743 3853 778 3915 όν
792 3856 868 3930 ψυχή
880 3862 952 3916 θεῶι
964 3858 1124 3928 ξυνοπαδός
1132 3860 1271 3934 γενομένη
1282 3860 1391 3933 κατίδηι
1403 3882 1430 3918 τι
1443 3865 1502 3918 τῶν
1512 3857 1636 3937 όληθῶν,
1652 3863 1738 3935 μέχρι

484 3963 515 4001 τε
528 3946 577 4013 τῆς
588 3939 689 4013 ἑτέρας
700 3937 836 4016 περιόδου
848 3938 920 4000 είναι
933 3937 1077 4014 ἀπήμονα,
1093 3941 1149 4004 κίίν
1160 3940 1207 4004 αἐί
1218 3949 1305 4004 τοῦτο
1318 3946 1432 4020 δύνηται
1444 3956 1546 4014 ποιεῖν,
1565 3941 1609 4006 όεί
1621 3942 1739 4023 όβλαβῆ

483 4025 564 4087 είναι.
593 4021 665 4086 όταν
683 4028 712 4085 δέ
729 4023 929 4098 όδυνατήσασα
947 4026 1120 4088 ἐπισπέσθαι
1136 4029 1175 4102 μὴ
1192 4029 1254 4103 ίδηι,
1270 4033 1322 4089 καί
1339 4052 1394 4088 τινι
1411 4034 1557 4104 συντυχίαι
1571 4034 1738 4106 χρησαμένη

483 4111 570 4187 λήθης
587 4134 620 4174 τε
635 4118 685 4172 καί
700 4114 803 4179 κακίας
820 4117 980 4184 πλησθεῖσα
996 4119 1148 4188 βαρυνθῆι,
1164 4121 1345 4191 βαρυνθεῖσα
1363 4117 1393 4173 δὲ
1411 4113 1621 4190 πτερορρυήσηι
1639 4123 1738 4176 τεκαὶ

481 4198 529 4258 ἐπί
547 4198 598 4273 τήν
614 4203 667 4273 γῆν
684 4198 775 4271 πέσηι,
792 4195 861 4255 τότε
874 4193 965 4268 νόμος
981 4194 1087 4272 ταότην
1103 4197 1141 4272 μή
1153 4204 1291 4272 φυτεῦσαι
1308 4200 1348 4267 είς
1364 4202 1504 4272 μηδεμίαν
1514 4197 1634 4273 θήρειον
1651 4197 1738 4274 φῦσιν

430 4295 460 4345 49
480 4282 513 4343 ἐν
530 4289 575 4357 τῑμ
593 4282 703 4358 πρῶτηι
720 4283 838 4356 γενέσει,
861 4276 934 4341 iim
952 4281 1004 4356 τήν
1020 4284 1073 4354 μέν
1090 4290 1210 4342 πλεῖστα
1233 4285 1350 4344 ἰδοῦσαν
1368 4285 1409 4352 είς
1426 4281 1516 4358 γονήν
1534 4280 1640 4361 ἀνδρός
1656 4308 1737 4360 γενη·

482 4366 607 4436 σομένου
617 4364 781 4439 φιλοσόφου
798 4363 987 4440 ήφιλοκοίλου
1004 4363 1022 4440 ή
1033 4373 1172 4439 μουσικοῦ
1183 4390 1261 4438 τινος
1271 4373 1321 4428 καί
1331 4368 1480 4445 ἐρωτικοῦ,
1497 4370 1548 4445 τήν
1560 4372 1589 4430 δὲ
1601 4373 1738 4446 δευτέραν

481 4451 522 4518 είς
538 4453 680 4524 βασιλέως
696 4448 822 4522 ἐννόμου
839 4448 857 4524 ἢ
875 4457 1033 4522 πολεμικοῦ
1054 4458 1103 4511 καί
1121 4449 1250 4527 όρχικοῦ,
1273 4457 1372 4529 τρίτην
1390 4456 1430 4523 είς
1449 4461 1599 4516 πολιτικοῦ
1621 4452 1639 4528 ἢ
1656 4477 1737 4524 τινος

482 4537 668 4608 οἰκονομικοῦ
685 4534 704 4610 ή
717 4541 951 4610 χρηματιστικοῦ,
969 4533 1108 4612 τετάρτην
1125 4541 1165 4607 είς
1176 4535 1339 4613 φιλοπόνου
1354 4536 1409 4612 Gi>
1425 4546 1617 4613 γυμνασταοῦ
1633 4536 1653 4612 ἢ
1670 4545 1737 4612 περί

481 4616 616 4690 σώματος
633 4618 712 4680 ἴασίν
729 4644 793 4680 τινα
805 4621 955 4693 ἐσομένου,
972 4625 1102 4698 πέμπτην
1118 4624 1260 4694 μαντικόν
1276 4628 1346 4699 βίον
1363 4621 1381 4698 ή
1399 4647 1462 4685 τινα
1474 4626 1640 4684 τελεστικόν
1657 4622 1737 4694 ἐξου-

430 4721 459 4770 45
482 4718 547 4762 σαν·
567 4701 645 4778 έκτηι
662 4704 812 4779 ποιητικός
829 4705 848 4779 ἢ
865 4711 925 4765 τῶν
942 4713 1008 4781 περί
1020 4710 1139 4780 μίμησίν
1155 4731 1198 4777 τις
1215 4708 1302 4778 ἄλλος
1319 4706 1451 4780 ἁρμόσει,
1470 4707 1586 4784 έβδόμηι
1604 4714 1737 4782 δημιουρ·
