4117 5617
879 1379 1174 1458 PRAEFATIO

484 1605 620 1686 Plagulis
642 1605 777 1668 correctis
799 1605 1004 1687 iudicibusque
1025 1624 1090 1667 non
1112 1605 1176 1668 sine
1194 1603 1290 1667 taedio
1305 1602 1447 1665 confectis
1461 1602 1533 1664 dum
1546 1601 1657 1684 respiro

398 1717 429 1769 et
455 1706 575 1769 laetiore
596 1706 695 1769 animo
717 1707 788 1789 quid
809 1707 1007 1790 praefandum
1031 1708 1070 1768 sit
1090 1708 1224 1780 meditor,
1247 1726 1313 1768 eece
1334 1704 1460 1767 nuntius
1481 1705 1571 1786 longe
1593 1706 1658 1767 tris·

399 1809 529 1871 tissimus
555 1807 688 1884 affertur,
716 1809 900 1873 enormen
922 1811 1118 1872 Raraunum
1145 1810 1233 1873 nobis
1254 1808 1417 1889 litterisque
1438 1808 1544 1870 acerba
1564 1818 1657 1870 morte

399 1922 532 1993 ereptum
553 1933 625 1986 esse,
648 1913 699 1994 qui
720 1934 784 1975 non
807 1913 904 1976 solum
927 1913 1091 1976 studiorum
1113 1914 1249 1976 societate
1270 1911 1339 1973 inde
1360 1931 1379 1972 a
1399 1909 1566 1972 beatissimo
1588 1930 1657 1972 con-

399 2013 536 2076 tubernio
551 2014 704 2076 Bonnensi
725 2016 796 2077 mihi
817 2026 882 2078 erat
904 2016 1172 2092 coniunctissimus,
1193 2015 1291 2077 sedin
1305 2014 1362 2076 hoe
1376 2033 1495 2095 quoque
1509 2013 1657 2075 communi

399 2117 559 2179 amicorum
590 2137 677 2198 opere
704 2117 788 2181 velut
813 2140 929 2201 auspex
957 2129 987 2180 et
1014 2118 1147 2200 signifer,
1175 2119 1259 2181 cuius
1285 2115 1487 2179 auctoritatem
1508 2136 1554 2176 me
1576 2115 1659 2195 sequi

400 2227 430 2280 et
450 2217 573 2280 decebat
593 2229 624 2281 et
642 2220 772 2285 iuvabat.
816 2242 888 2284 nam
910 2221 1069 2302 singularis
1090 2242 1212 2302 graecae
1233 2221 1303 2282 artis
1318 2218 1456 2300 cognitio,
1470 2217 1591 2300 quaein
1605 2217 1658 2280 illo

400 2321 465 2395 fuit,
493 2321 525 2382 in
552 2321 638 2384 nullo
664 2344 770 2403 genere
797 2324 960 2386 litterarum
988 2325 1081 2405 magis
1109 2325 1214 2386 enituit
1240 2344 1330 2406 quam
1356 2323 1387 2383 in
1413 2320 1551 2396 Comicis,
1577 2319 1658 2382 unde

401 2422 590 2500 splendidum
611 2434 681 2486 ante
703 2425 856 2488 biennium
878 2426 991 2488 factum
1013 2436 1058 2488 est
1079 2427 1168 2489 huius
1187 2427 1325 2508 Corporis
1347 2424 1471 2486 initium.
1514 2423 1571 2484 iam
1585 2422 1658 2484 adu·

399 2525 559 2588 lescentem
579 2527 674 2609 prima
695 2528 827 2594 tirocinia
850 2530 881 2590 in
896 2529 1100 2612 Aristophane
1113 2551 1226 2612 ponere
1239 2528 1356 2590 memini
1371 2526 1556 2606 eundemque
1570 2524 1657 2587 audio

400 2647 568 2708 supremam
589 2627 680 2691 fuisse
697 2629 865 2692 moribundi
880 2651 980 2692 curam
994 2651 1029 2693 ac
1043 2631 1201 2713 querelam.
1244 2631 1319 2691 inter
1332 2629 1387 2691 hos
1403 2627 1481 2692 vitae
1494 2626 1658 2689 laboriosae

400 2741 431 2793 et
450 2730 619 2793 fructuosae
640 2733 780 2795 terminos
802 2754 920 2796 omnem
941 2735 1129 2815 graecitatem
1151 2733 1318 2814 peragravit
1338 2741 1367 2793 et
1389 2730 1521 2812 undique
1534 2749 1658 2791 messem

400 2833 576 2895 uberrimam
602 2833 727 2909 rettulit;
754 2845 786 2897 at
814 2857 965 2918 nusquam
993 2835 1133 2898 libentius
1159 2845 1190 2898 et
1210 2835 1352 2897 intentius
1373 2832 1548 2898 versabatur
1569 2852 1659 2915 quam

399 2938 432 2997 in
453 2937 558 2998 atticae
580 2936 747 3013 comoediae
769 2937 907 3020 reliquiis.
929 2939 1092 3001 Dorienses
1113 2938 1206 3014 enim,
1228 2959 1304 3020 quos
1325 2936 1427 3004 edidit,
1448 2945 1568 3017 propter
1589 2935 1658 2999 illos

400 3039 506 3121 opinor
526 3039 670 3120 tetigerat.
714 3041 821 3121 quodsi
841 3063 945 3105 verum
966 3051 1012 3103 est
1033 3041 1125 3123 (quod
1146 3061 1200 3122 ego
1222 3061 1306 3103 nunc
1326 3039 1417 3103 iibere
1438 3038 1585 3121 profiteor,
1607 3039 1659 3101 ubi

401 3164 464 3205 non
479 3142 537 3204 iam
560 3142 739 3206 invidiosum
760 3144 877 3208 videtur
898 3143 1020 3207 laudare
1043 3145 1179 3218 amicum)
1201 3165 1269 3206 cum
1289 3143 1374 3225 primi
1395 3141 1476 3204 illius
1497 3138 1658 3203 voluminis

399 3241 579 3323 perfectione
604 3242 656 3305 vix
682 3263 773 3305 unam
801 3243 964 3307 alteramve
985 3243 1153 3324 aequalium
1180 3243 1337 3306 editionem
1364 3252 1441 3304 reete
1467 3263 1555 3324 posse
1582 3265 1658 3307 com·

400 3345 505 3426 parari,
528 3345 600 3427 quid
620 3355 839 3426 praestaturum
861 3368 929 3409 eum
950 3346 1044 3409 fuisse
1065 3346 1217 3421 credimus,
1240 3346 1265 3408 si
1285 3346 1381 3408 fatum
1402 3347 1603 3423 concessisset,
1625 3356 1659 3409 ut

400 3447 496 3528 ipsam
522 3448 640 3510 atticam
662 3449 842 3512 comoediam
864 3450 951 3513 nobis
973 3471 1012 3511 ex
1034 3450 1208 3532 fragmentis
1229 3449 1421 3533 instauraret,
1444 3450 1476 3511 in
1497 3471 1558 3533 qua
1578 3460 1658 3513 totus

401 3548 556 3611 habitabat
569 3559 599 3611 et
620 3549 764 3632 spirabati
808 3562 861 3614 aut
881 3573 969 3615 nemo
984 3552 1152 3615 mortalium
1166 3562 1226 3627 aut,
1242 3553 1267 3614 si
1280 3553 1444 3634 quisquam,
1460 3552 1511 3614 ille
1525 3562 1555 3614 et
1568 3562 1658 3615 natus

400 3660 464 3714 erat
485 3660 515 3713 et
535 3662 657 3732 paratus
678 3654 716 3716 ad
738 3654 900 3717 Menandri
921 3665 952 3717 et
972 3656 1142 3738 aequalium
1164 3655 1284 3717 umbras
1306 3677 1345 3717 ex
1365 3655 1466 3719 inferis
1480 3656 1613 3719 citandas
1629 3666 1660 3718 et

399 3754 432 3814 in
453 3754 531 3817 vitae
552 3753 648 3818 lueem
669 3758 863 3822 revocandas.
908 3759 981 3822 adeo
1011 3759 1042 3820 in
1057 3759 1190 3820 intimam
1204 3779 1304 3820 eorum
1319 3758 1563 3821 consuetudinem
1577 3759 1658 3821 inde-

401 3856 482 3918 fesso
510 3855 612 3918 labore
644 3866 734 3938 atque
755 3856 882 3921 fortasse
910 3859 1003 3939 magis
1032 3858 1119 3921 etiam
1147 3879 1253 3919 sensus
1276 3856 1408 3938 quadam
1429 3858 1604 3939 cognatione
1626 3880 1658 3920 se

401 3959 614 4023 insinuaverat.
657 3981 729 4021 nam
750 3970 812 4023 tota
833 3962 896 4024 eius
912 3959 1028 4023 indoles
1051 3962 1089 4023 ad
1106 3961 1227 4023 atticum
1241 3961 1331 4022 istum
1345 3981 1479 4042 saporem
1494 3960 1574 4022 facta
1588 3969 1658 4022 erat.

401 4070 437 4123 ut
462 4061 606 4142 scriptura
633 4062 696 4124 eius
725 4062 874 4143 elegantia
903 4064 1019 4145 apicum
1049 4084 1120 4144 prae
1148 4063 1250 4126 ceteris
1278 4063 1405 4139 nitebat,
1427 4074 1462 4126 ut
1483 4063 1659 4126 suavissima

402 4163 609 4227 sermocinatio
635 4165 740 4226 mirum
768 4174 914 4246 quantum
943 4166 1052 4228 amicos
1074 4165 1208 4239 tenebat,
1240 4166 1413 4248 priusquam
1440 4165 1534 4227 morbi
1562 4166 1658 4245 ingra-

402 4267 550 4330 vescentis
578 4267 731 4330 tormentis
759 4267 848 4329 animi
879 4268 1019 4330 serenitas
1052 4267 1203 4330 obscurari
1234 4277 1339 4349 coepta
1364 4277 1422 4342 est,
1444 4268 1485 4328 ita
1506 4275 1567 4328 tota
1594 4267 1657 4328 eius

400 4390 448 4432 ars
476 4391 581 4434 versus
608 4391 728 4452 graecos
750 4379 782 4432 et
809 4370 978 4452 explicandi
1004 4380 1034 4432 et
1059 4371 1210 4452 pangendi
1237 4373 1323 4453 (quae
1343 4369 1445 4432 crebra
1466 4369 1524 4431 fuit
1545 4369 1658 4432 valenti

399 4473 545 4536 relaxatio
567 4474 651 4537 siaut'
669 4472 821 4537 emorienti
847 4473 952 4535 ultima
980 4473 1157 4552 consolatio)
1185 4473 1352 4536 Praxitelae
1380 4472 1508 4555 quodam
1535 4473 1658 4555 perfusa

399 4586 464 4639 erat
485 4576 590 4640 nitore.

486 4677 575 4741 buius
584 4678 673 4760 igitur
683 4678 759 4740 tanti
768 4678 823 4742 viri
833 4678 970 4760 vestigiis,
985 4679 1083 4760 quoad
1098 4678 1160 4742 eius
1176 4677 1289 4753 licebat,
1304 4678 1437 4741 insistere
1445 4679 1503 4741 hoa
1514 4677 1655 4743 volumen
