4117 5617
398 579 436 634 12

484 802 508 851 2.
526 796 640 852 SumAs.

486 909 599 1004 Θαλῆς
617 908 778 994 Ἐξαμύου
801 914 858 974 καί
874 910 1122 998 Κλεοβουλίνης
1139 910 1324 1007 Μιλήσιος,
1348 917 1394 989 ὡς
1418 911 1454 977 δὲ
1473 907 1658 997 Ἡρόδοτος

400 1017 517 1105 [1170]
535 1015 666 1094 Φοῖνιξ,
689 1016 832 1099 γεγονὼς
855 1017 923 1100 πρδ
946 1017 1097 1100 Κροίσου
1121 1016 1182 1077 ἐπί
1200 1023 1261 1100 τῆς
1284 1014 1319 1078 λε
1343 1015 1555 1096 ὀλυμπιάδος
1579 1015 1657 1102 [640

396 1161 439 1169 -
455 1118 540 1204 637],
563 1121 647 1182 κατὰ
672 1115 708 1180 δὲ
735 1116 906 1201 Φλέγοντα
931 1114 979 1194 [cf.
993 1114 1074 1177 Mus.
1089 1114 1148 1178 Rh.
1164 1118 1214 1190 31,
1231 1118 1302 1194 18²]
1325 1114 1568 1204 γνωριζόμενος
1589 1118 1655 1207 ήδη

397 1228 457 1289 ἐπὶ
480 1206 579 1311 τήςξ
595 1215 800 1304 [vm-749}
839 1221 968 1304 ἔγραψε
989 1220 1071 1304 περί
1085 1222 1263 1303 μετεώρων
1285 1221 1321 1281 ἐν
1343 1221 1454 1298 ἔπεσι,
1476 1225 1558 1309 περί
1582 1226 1656 1308 ίση-

396 1329 517 1412 μορίας
538 1326 595 1387 καί
611 1321 696 1385 ἄλλα
720 1320 841 1384 πολλοί.
876 1318 1070 1405 ἐτελεύτησε
1093 1317 1130 1383 δὲ
1144 1322 1285 1407 γηραιός
1299 1322 1475 1400 θεώμενος
1496 1329 1657 1407 γυμνικόν

398 1430 521 1509 ἀγῶνα,
537 1423 702 1510 πιληθεὶς
726 1420 761 1485 δὲ
784 1425 852 1485 ὑπὸ
869 1429 931 1484 τού
952 1420 1050 1501 ὄχλου
1073 1424 1130 1485 καί
1146 1420 1302 1500 ἐκλυθείς
1324 1426 1393 1486 ύπδ
1409 1433 1472 1488 τού
1484 1429 1657 1507 καύματος

400 1531 451 1607 [ex
471 1526 645 1608 Hesychiol.

483 1639 621 1717 πρῶτος
644 1625 680 1690 δὲ
703 1630 741 1689 τδ
765 1634 827 1690 τού
849 1634 962 1712 σοφοῦ
981 1628 1077 1704 ἔσχεν
1100 1628 1207 1706 όνομα
1230 1628 1287 1689 καί
1302 1635 1439 1712 πρῶτος
1462 1631 1521 1714 τήν
1543 1631 1657 1715 ψυχήν

399 1733 495 1796 εἶπεν
517 1733 702 1807 ἀθάνατον,
720 1727 891 1812 ἐκλείψεις
913 1729 1027 1790 τεκαὶ
1050 1730 1228 1814 ἰσημερίας
1245 1729 1456 1817 κατείληφεν.
1492 1731 1656 1817 ἀποφθέ-

399 1857 508 1919 γματα
534 1830 570 1895 δὲ
593 1835 699 1894 αὐτοῦ
719 1829 864 1892 πλεῖστα
887 1832 945 1892 καί
966 1831 1005 1891 τό
1028 1828 1261 1916 θρυλούμενον
1280 1824 1410 1915 (γνῶθι
1433 1825 1576 1896 σαυτόν’
1616 1836 1655 1895 τό

397 1938 461 2022 γὰρ
482 1928 599 2018 (ἐγγύα
623 1937 717 2020 πάρα
742 1924 773 1994 δ’
799 1924 876 1993 ἄτα’
901 1930 1060 2006 Χίλωνός
1089 1935 1164 1994 ἐστι
1191 1932 1320 2012 μᾶλλον
1351 1931 1656 2020 ίδιοποιησαμένου

398 2041 479 2101 αὐτδ
502 2039 559 2100 καί
582 2039 620 2099 τδ
641 2028 650 2051 ‘
658 2031 763 2120 μηδὲν
785 2025 881 2115 όγαν’
908 2034 956 2110 [ex
970 2032 1090 2094 laertio
1111 2032 1151 2094 of.
1167 2032 1291 2098 Cedren.
1306 2034 1323 2095 Ι
1340 2037 1410 2108 275,
1427 2038 1478 2112 14]

486 2137 600 2224 Θαλῆς
623 2141 641 2200 ό
666 2138 809 2222 φυσικός
833 2133 1028 2221 φιλόσοφος
1051 2138 1111 2199 ἐπί
1133 2140 1281 2223 Δαρείου
1309 2137 1350 2213 (ί)
1383 2140 1563 2224 προειπὼν
1595 2140 1657 2225 τήν
1707 2217 1710 2221 7

398 2251 460 2305 τού
479 2240 576 2326 ήλίσυ
599 2237 761 2321 ἔκλειψιν.

485 2427 509 2476 3.
528 2421 630 2476 Senon.
648 2420 792 2474 Pmoum
810 2437 841 2474 m
859 2420 954 2473 Rm.
972 2424 1057 2474 θύοι.

487 2544 600 2631 Θαλῆς
619 2536 779 2623 Ἐξαμύου
801 2542 987 2629 Μιλήσιος,
1012 2541 1135 2621 Φοῖνιξ
1157 2541 1194 2607 δέ
1216 2537 1298 2607 καθ’
1320 2539 1510 2632 Ἡρόδοτον.
1556 2546 1657 2623 ούτσς

398 2656 535 2734 πρῶτος
560 2647 747 2730 ὠνομάσθη
773 2649 891 2731 σοφός.
937 2644 1011 2732 εύρε
1040 2647 1103 2732 γὰρ
1126 2647 1185 2708 τόν
1207 2645 1303 2731 ήλισν
1325 2646 1493 2712 ἐκλείπειν
1516 2646 1553 2726 ἐξ
1573 2652 1656 2712 ὑπο-

399 2747 525 2836 δρσμης
549 2747 689 2833 σελήνης
720 2748 776 2809 καί
804 2750 927 2833 μικρὰν
960 2750 1083 2834 ἄρκτον
1110 2750 1212 2824 αύτδς
1244 2751 1329 2832 ἐγνω
1355 2751 1412 2812 καί
1438 2754 1500 2826 τὰς
1523 2754 1655 2838 τροπὰς

398 2859 535 2937 πρῶτος
554 2843 716 2936 Ἑλλήνων
737 2852 795 2913 καί
816 2851 898 2935 περί
924 2851 1093 2932 μεγέθους
1114 2847 1211 2935 ήλίσυ
1234 2852 1291 2914 καί
1315 2856 1460 2937 φύσεως,
1490 2852 1575 2916 ἀλλὰ
1597 2857 1656 2918 καί

398 2957 514 3037 ἄψυχα
536 2957 648 3040 ψυχήν
670 2955 757 3032 ἔχειν
780 2955 940 3014 ὁπωσοῦν
962 2954 997 3014 ἐκ
1020 2961 1080 3038 τῆς
1101 2950 1305 3038 μαγνήτιδος
1327 2955 1384 3016 καί
1406 2962 1468 3017 τού
1484 2953 1655 3042 ήλέκτρσυ.

399 3058 501 3142 ἀρχήν
525 3052 561 3118 δὲ
579 3065 646 3120 τῶν
670 3058 845 3134 στοιχείων
868 3057 906 3116 τδ
922 3051 1022 3141 ύδωρ.
1057 3056 1116 3117 τόν
1139 3051 1176 3117 δέ
1198 3058 1324 3133 κόσμον
1339 3058 1491 3140 ἔμψυχον
1509 3061 1575 3144 ἔφη
1598 3061 1656 3122 καί

399 3155 569 3238 δαιμόνων
584 3157 706 3244 πλήρη.
741 3154 933 3242 ἐπαιδεύθη
956 3159 992 3220 ἐν
1006 3157 1194 3239 Αίγύπτωι
1206 3159 1275 3219 ύπδ
1291 3166 1359 3221 τῶν
1375 3161 1500 3244 ἱερέων.
1535 3162 1655 3223 τούτου

397 3262 436 3322 τδ
452 3262 564 3343 γνῶθι
580 3263 712 3322 σαυτόν.
757 3258 951 3343 ἐτελεύτησε
974 3255 1010 3321 δὲ
1032 3259 1181 3343 μονήρης
1202 3263 1342 3345 γηραιός
1364 3265 1519 3342 γυμνικόν
1542 3264 1655 3346 ἀγῶνα

399 3364 575 3441 θεώμενος
597 3364 665 3424 ὑπδ
688 3365 859 3441 καύματος
882 3359 1037 3435 ἐκλυθείς
1059 3361 1108 3437 [ex
1122 3359 1296 3441 HesychioJ.

503 3687 528 3735 4.
546 3681 692 3734 Ηειεουασ.
709 3680 785 3734 1170
802 3677 910 3751 χρηστὴ
930 3679 1026 3736 δὲκαὶ
1043 3683 1112 3750 πρίν
1128 3675 1352 3752 ἢδιαφθαρῆναι
1369 3674 1475 3756 Ἰωνίην
1489 3678 1589 3741 θάλεω
1607 3675 1656 3740 οἷν·

400 3761 469 3838 δρὸς
487 3767 631 3836 Μιλησίου
647 3764 763 3836 ἐγένετο
783 3771 829 3830 [σε.
847 3758 863 3837 ἦ
882 3760 1004 3837 γνώμη],
1020 3759 1056 3822 τό
1077 3757 1221 3822 ἀνέκαθεν
1237 3765 1322 3838 γένος
1338 3763 1442 3835 ἐόντος
1461 3770 1606 3836 Φοίνικος,
1625 3762 1658 3834 δς

399 3850 511 3909 ἐκέλευε
529 3846 560 3907 ἐν
571 3849 777 3921 βουλευτήριον
791 3847 889 3916 Ἴωνας
900 3847 1049 3920 ἐκτῆσθαι,
1067 3849 1102 3907 τό
1122 3850 1152 3908 δὲ
1164 3846 1237 3908 εἶναι
1252 3849 1285 3908 ἐν
1300 3852 1371 3910 Τέωι
1389 3853 1481 3920 (Τέων
1492 3849 1550 3926 γὰρ
1566 3853 1658 3923 μέσον

401 3932 474 3993 εἶναι
490 3931 616 4006 Ἰωνίης),
634 3929 687 4000 τὰς
704 3936 734 3993 δέ
751 3931 840 4001 ἄλλας
858 3932 962 4002 πόλιας
980 3935 1150 4005 ούιεομένας
1166 3936 1252 4009 μηδὲν
1268 3926 1361 4006 ἧσσον
1377 3940 1550 4008 νομίζεσθαι
1567 3935 1656 3996 κατά-

401 4041 456 4094 περ
474 4029 500 4079 εἰ
517 4025 600 4092 δῆμοι
613 4014 678 4076 είεν.
708 4019 742 4074 cf.
759 4020 774 4074 Ι
793 4023 841 4075 146
860 4021 895 4075 de
907 4018 1034 4076 Cadmeis
1045 4021 1141 4077 Ioniae
1157 4031 1186 4077 et
1202 4021 1335 4092 impfimis
1346 4023 1432 4078 Mileti
1444 4023 1657 4080 conditionibus.

504 4179 528 4228 5.
545 4174 623 4228 Ιυεκ
639 4174 655 4228 Ι
673 4178 705 4227 74
722 4173 833 4238 (bellum
852 4175 924 4229 inter
939 4174 1077 4246 Alyatten
1093 4181 1122 4230 et
1139 4173 1291 4246 cyaxaren)
1309 4177 1476 4249 διαφέρουσι
1492 4176 1522 4233 δέ
1539 4195 1589 4247 σφι
1606 4170 1657 4233 ἐπ’

401 4255 461 4332 ἴσης
479 4254 533 4316 τὸν
550 4255 681 4326 πόλεμον
698 4263 751 4315 τύι
768 4255 853 4316 δ’νιτωι
873 4254 931 4316 ἐτει
947 4262 1093 4332 συμβολῆς
1109 4259 1263 4331 γενομένης
1279 4259 1425 4333 συνήνεικε
1442 4252 1518 4320 (δστε
1536 4265 1586 4332 τῆς
1601 4257 1657 4330 μοί-

399 4365 451 4416 χης
468 4339 663 4416 συνεστεώσης
688 4343 740 4417 τήν
763 4342 871 4416 ἡμέρην
896 4341 1030 4415 ἐξαπίνης
1055 4340 1145 4402 νύκτα
1170 4344 1313 4415 γενέσθαι.
1350 4346 1402 4418 τὴν
1425 4348 1455 4406 δὲ
1476 4345 1659 4418 μεταλλαγήν

335 4433 338 4439 “
401 4425 505 4501 ταύτην
522 4433 573 4501 τῆς
589 4422 696 4501 ῆμέρης
714 4432 808 4500 Θαλῆς
828 4426 845 4486 δ
864 4425 1005 4501 Μιλήσιος
1021 4438 1096 4486 τοῖσι
1111 4425 1186 4486 Ἴωσι
1206 4421 1405 4502 προηγόρευσε
1422 4428 1550 4499 ἔσεσθαι,
1568 4421 1659 4506 σῦρον

401 4514 584 4584 προθέμενος
601 4508 735 4571 ἐνιαυτὸν
752 4519 857 4572 τοῦτον
875 4512 907 4571 ἐν
924 4517 976 4572 τῶι
994 4510 1026 4585 δὴ
1039 4517 1088 4570 καί
1098 4510 1215 4584 ἐγένετο
1232 4510 1250 4587 ἡ
1267 4514 1424 4589 μεταβολή.
1453 4517 1545 4573 Um.
1558 4515 1658 4571 Strom.

400 4599 415 4652 I
433 4601 466 4653 65
483 4614 512 4667 p.
524 4602 574 4652 354
586 4598 617 4652 Ρ.
655 4602 750 4670 θαλῆν
768 4599 798 4656 δὲ
815 4595 947 4670 Εὔδημος
968 4597 1000 4656 ἐν
1017 4606 1081 4664 ταῖς
1095 4595 1328 4671 Ἀστρσλσγικαῑς
1349 4599 1489 4676 ἱστορίαις
1505 4601 1558 4672 τήν
1574 4621 1658 4672 γενο-

400 4683 489 4756 μένην
506 4678 632 4756 ἔκλειψιν
654 4687 708 4742 τοῦ
729 4678 813 4753 ἡλίου
835 4693 987 4755 προειπεῖν
1008 4702 1085 4756 φησι,
1107 4677 1181 4742 καθ’
1200 4680 1249 4753 οδς
1269 4683 1395 4757 χρόνους
1416 4690 1548 4760 συνῆψαν
1563 4681 1659 4758 μάχην
