4117 5617
815 559 1035 618 DOCTRINAE
1053 565 1154 616 'rs-ee
1563 566 1604 626 97

351 725 408 803 άῆρ
425 729 633 797 [Anaximenes
651 728 803 800 Diogenes]
821 726 838 800 ἢ
855 728 891 788 τὸ
910 735 979 802 πῦρ;
1004 732 1177 797 [Heraclitus]
1194 727 1212 801 ἢ
1229 729 1341 790 τούτων
1357 734 1411 803 μέν
1428 729 1522 801 οόδέν,
1542 731 1558 793 ὃ
1577 733 1603 792 δ’

350 810 511 888 ἐγκέφαλός
527 812 620 882 έστιν,·
639 815 792 881 [Alcmaeo]
809 821 871 872 κτλ.

454 955 497 1004 11.
518 950 593 1005 Aur.
605 951 632 1006 V
643 954 713 1017 27,1
733 951 777 1015 [D.
789 955 849 1016 449]
862 944 901 1008 'u
925 951 1081 1023 τρέφεσθαι
1100 952 1153 1020 μὲν
1171 951 1205 1009 τά
1224 955 1296 1022 ζῶια
1314 953 1358 1011 διά
1377 953 1429 1025 τὴν
1445 949 1605 1014 ὑπόστασιν

350 1040 404 1094 τοῦ
420 1029 511 1108 ῦγροῦ
528 1030 628 1109 [ὑγροῦ
645 1035 775 1091 arcessivi
793 1039 915 1102 511281,
933 1037 1010 1092 euius
1021 1038 1051 1091 in
1062 1037 1152 1092 leeum
1165 1036 1275 1093 οἰκείου
1285 1036 1330 1092 hie
1340 1039 1471 1096 traditum
1483 1042 1604 1098 vicissim

311 1127 327 1176 5
348 1119 489 1191 relegavit
508 1116 645 1187 αὔξεσθαι
664 1121 694 1178 δέ
712 1117 756 1179 διὰ
774 1116 827 1192 τὴν
844 1123 1009 1195 espossiae
1019 1126 1073 1180 τοῦ
1084 1125 1205 1193 θερμοῦ,
1221 1125 1375 1190 μειοῦσθαι
1388 1125 1418 1183 δέ
1428 1128 1478 1182 καί
1489 1129 1604 1197 φθίνειν

348 1203 394 1264 διά
417 1203 471 1278 τὴν
492 1200 621 1277 ἔκλειψιν
638 1203 790 1280 ἑκατέρων.
826 1205 894 1272 τοῦς
911 1206 942 1264 δέ
958 1210 1009 1264 νῦν
1026 1201 1201 1280 ἀνθρώπους
1218 1215 1280 1272 τοῖς
1297 1202 1424 1279 πράτοις
1442 1215 1603 1284 συμβαλλο-

347 1291 453 1360 μένους
473 1293 594 1364 βρεφῶν
610 1287 722 1360 έπέγειν
739 1285 826 1358 τάξιν.
862 1289 955 1356 [Gru]
968 1291 1023 1346 dei.
1035 1291 1107 1346 med.
1120 1295 1152 1347 99
1171 1291 1249 1357 (ΧΙΧ
1262 1297 1321 1360 812)
1340 1297 1402 1360 πῶς
1415 1288 1604 1367 Ἱπποκράτης

346 1379 397 1432 καὶ
416 1367 642 1449 Ἐρασίστρατος
658 1379 707 1433 καί
723 1369 761 1432 'E-
778 1378 827 1432 καὶ
844 1368 1044 1448 Ἀσκληπιάδης
1061 1372 1114 1442 τὰς
1130 1375 1233 1447 πέψεις
1250 1380 1300 1448 τῆς
1315 1383 1425 1451 τροφῆς
1442 1398 1513 1450 φασι
1529 1382 1602 1452 γίνε-

348 1465 439 1517 σθαι.
452 1500 479 1518 .,.
496 1453 532 1517 'E
550 1461 580 1518 δε
599 1454 692 1531 σήψει.
722 1460 756 1515 ef.
768 1460 801 1514 fr.
814 1464 855 1516 68.
867 1464 909 1515 81.
926 1460 1008 1526 (idem
1021 1477 1056 1516 ex
1067 1462 1147 1529 Emp.
1159 1460 1271 1517 Diocles
1277 1461 1480 1519 Pseudosoran.
1493 1464 1602 1530 Quaest

296 1551 325 1601 10
347 1545 419 1601 med,
431 1548 473 1599 81.
484 1543 519 1600 V.
530 1544 606 1600 Rese
617 1545 724 1600 Aueed.
736 1561 777 1614 gr.
789 1546 818 1601 Π
826 1551 885 1611 255,
898 1549 939 1601 27.
952 1549 994 1599 99.
1022 1545 1059 1599 Μ.
1068 1545 1224 1600 Wellmann
1235 1545 1349 1617 δίπορον.
1360 1546 1386 1604 δ.
1398 1547 1494 1602 Aerzte
1509 1564 1537 1618 p,
1549 1553 1601 1616 94).

450 1702 491 1752 78.
509 1697 695 1761 Aunvssr
715 1696 760 1762 [D.
769 1702 830 1761 434]
847 1690 885 1755 Ἑ.
903 1694 956 1764 τάς
972 1697 1025 1766 μὲν
1044 1691 1153 1767 σάρκας
1170 1703 1328 1770 γεννᾶσθαι
1346 1697 1379 1755 έκ
1395 1698 1454 1756 τῶν
1471 1696 1542 1757 ἴσων
1559 1704 1603 1773 τῆι

346 1777 446 1853 κράσει
463 1776 612 1851 τεττάρων
630 1783 790 1854 στοιχείων,
808 1778 844 1840 τά
862 1782 892 1839 δέ
909 1785 996 1851 νεῦρα
1014 1779 1166 1851 πυρόςκαὶ
1178 1774 1319 1856 γῆςέδατι
1332 1785 1380 1850 [sie
1391 1783 1492 1850 Gale]
1506 1789 1602 1843 διπλα·

346 1869 423 1923 σίονι
440 1861 607 1933 [διπλάσιον,
625 1869 794 1924 διπλασίονα
810 1867 886 1922 libri:
904 1867 1174 1931 eomeemardakis]
1188 1867 1360 1940 μιχθέντων,
1376 1869 1444 1937 τοὺς
1454 1872 1484 1929 δέ
1497 1868 1602 1944 ὄνυχας

346 1961 409 2018 τοῖς
431 1947 527 2021 ζῶιοις
544 1957 704 2025 γεννᾶσθαι
721 1956 780 2008 τῶν
798 1946 907 2022 νεύρων
924 1945 997 2008 καθ’
1016 1947 1033 2007 δ’
1052 1956 1104 2009 τῶι
1122 1946 1184 2022 άέρι
1203 1952 1336 2025 συνέτυχε
1354 1956 1600 2027 περιψυχθέντων,

294 2040 323 2091 15
345 2029 420 2094 ὀστᾶ
437 2036 467 2095 δέ
484 2041 559 2095 δυεῖν
575 2038 629 2107 μέν
645 2029 749 2105 άδατος
766 2041 815 2094 καὶ
832 2041 891 2110 γῆς.
909 2032 1056 2108 τεττάρων
1074 2038 1103 2095 δὲ
1121 2033 1221 2108 πυρός,
1238 2033 1295 2096 έσω
1313 2043 1363 2111 γῆς
1381 2040 1429 2105 [sie
1446 2043 1601 2111 transposui

344 2120 478 2187 altres,
492 2126 516 2188 1]
538 2117 651 2181 τούτων
673 2121 895 2196 συγκραθέντων
910 2126 1018 2192 μερῶν.
1054 2120 1159 2193 ἱδρῶτα
1175 2123 1240 2194 (δέ)
1258 2128 1308 2180 καί
1324 2118 1449 2194 δάκρυον
1466 2126 1600 2196 γίνεσθαι

344 2209 398 2263 τοῦ
414 2203 536 2277 αἳματος
553 2207 713 2279 τηκομένου
730 2212 779 2264 καί
796 2206 876 2279 παρά
894 2205 929 2264 τὸ
947 2202 1139 2265 λεπτύνεσθαι
1151 2207 1345 2280 διαχεομένου.
1375 2208 1475 2264 Arusu.
1487 2209 1599 2279 depart.

312 2346 315 2353 ,
343 2307 387 2346 au.
399 2290 430 2345 A
444 2294 466 2345 1.
479 2296 540 2346 642·
552 2297 583 2348 11
602 2286 676 2365 άρχὴ
693 2289 749 2365 γάρ
768 2288 784 2365 ἦ
802 2287 886 2364 φάσις
901 2296 1011 2362 μᾶλλον
1030 2296 1079 2362 τῆς
1095 2283 1173 2365 ὅλης,
1198 2289 1313 2364 ένιαχοῦ
1331 2291 1360 2349 δέ
1378 2313 1435 2349 που
1453 2286 1533 2365 αότῆι
1550 2300 1600 2352 καὶ

340 2369 379 2433 'u
397 2378 572 2447 περιπίπτει,
588 2370 734 2450 άγόμενος
750 2370 802 2434 ὑπ’
820 2370 906 2448 αὐτῆς
923 2381 972 2448 τῆς
983 2369 1129 2448 άληθείας,
1146 2380 1195 2433 καὶ
1212 2375 1263 2448 τὴν
1282 2370 1383 2434 οόσίαν
1394 2382 1443 2434 καί
1454 2377 1505 2452 τὴν
1517 2375 1601 2452 φῦσιν

290 2468 321 2518 29
342 2453 536 2534 άναγκάζεται
552 2456 643 2535 φάναι
660 2459 714 2520 τὰν
731 2457 821 2535 λόγον
839 2458 920 2529 εἶναι,
940 2456 1004 2518 οἷον
1023 2453 1129 2518 ὀστοῦν
1147 2455 1301 2528 άποδιδούς
1316 2465 1346 2519 τί
1357 2460 1445 2519 ἐστιν’
1464 2462 1532 2522 οὔτε
1543 2462 1600 2538 γάρ

343 2543 374 2604 έν
392 2568 419 2603 τι
436 2551 496 2604 τῶν
515 2549 667 2620 στοιχείων
685 2546 760 2620 λέγει
778 2540 849 2605 αότό
869 2543 935 2604 ουτε
953 2542 1038 2604 δάο”
1021 2569 1038 2617 η
1056 2548 1122 2616 τρία
1142 2542 1208 2604 οὔτε
1227 2543 1335 2613 πάντα,
1356 2541 1427 2606 άλίά
1445 2543 1535 2621 λόγον
1552 2555 1601 2621 τῆς

342 2634 447 2702 μίξεως
469 2625 574 2690 αότῶν.
607 2633 708 2688 Anrsu.
722 2633 757 2688 de
768 2632 909 2687 surmaA
922 2637 945 2688 4.
959 2634 1022 2686 408·
1033 2627 1103 2686 13¹
1090 2633 1199 2700 ομοίως
1217 2628 1284 2688 δέ’
1264 2651 1378 2690 ατοπον
1394 2635 1443 2688 καὶ
1459 2631 1529 2702 (τό)
1547 2632 1600 2691 τὸν

342 2713 433 2790 λόγον
450 2722 500 2790 τῆς
489 2697 622 2788 μίξεως
639 2713 761 2776 εἶναι
731 2738 781 2788 την
799 2711 904 2788 ψυχήν
929 2709 963 2774 οῦ
980 2713 1037 2789 γάρ
1056 2712 1109 2773 τόν
1127 2707 1217 2771 αὐτόν
1235 2711 1292 2786 ἔχει
1310 2711 1430 2789 λόγον
1417 2739 1434 2787 η
1450 2719 1524 2786 μίξις
1541 2722 1600 2775 τῶν

343 2804 495 2874 στοιχείων
511 2794 585 2860 καθ’
605 2796 639 2873 ἣν
658 2799 731 2871 σάρξ
745 2822 783 2870 κα
784 2794 911 2858 λωκαθ
895 2822 929 2872 ην
943 2794 1061 2858 ὀστοῦν
1081 2794 1253 2872 συμβήσεται
1272 2791 1324 2857 οὖν
1342 2795 1451 2868 πολλας
1462 2821 1494 2859 τε
1506 2802 1600 2874 ψυχας

289 2883 358 2942 25”
341 2908 417 2960 εχειν
434 2890 484 2944 καί
500 2885 575 2945 κατά
589 2893 648 2946 πᾶν
665 2883 700 2945 τό
720 2891 812 2956 σῶμα,
830 2883 911 2956 εἴπερ
929 2881 1024 2944 πάντα
1042 2905 1095 2954 μεν
1113 2881 1145 2939 έκ
1162 2888 1220 2940 τῶν
1233 2886 1384 2956 στοιχείων
1395 2886 1600 2960 μεμειγμένον,

343 2967 359 3030 ὃ
372 2973 402 3029 δὲ
414 2975 448 3028 τί
449 2992 463 3039 ς
474 2974 579 3042 μίξεως
590 2966 678 3044 λόγος
690 2965 817 3042 ἁρμονία
829 2974 879 3027 καί
891 2965 975 3043 ψυχή.
1000 2962 1165 3039 άπαιτὴσειε
1178 2960 1205 3023 δ’
1218 2963 1255 3025 άν
1266 2988 1309 3034 τις
1320 2964 1408 3027 τοῦτό
1420 2991 1453 3042 γε
1464 2975 1513 3028 καὶ
1525 2966 1598 3042 παρ’

340 3051 574 3127 Ἐμπεδοκλέους·
599 3053 723 3114 έκαστον
745 3055 801 3129 γάρ
826 3049 922 3113 αὐτῶν
943 3049 1033 3127 λόγωι
1055 3055 1111 3110 τινί
1133 3071 1218 3124 φησιν
1240 3048 1326 3110 εἶναι·
1352 3049 1481 3126 πότερον
1505 3047 1557 3114 οὖν
1581 3052 1597 3114 ὁ

340 3137 429 3215 λόγος
446 3139 523 3198 έστὶν
541 3136 558 3213 ἣ
570 3137 654 3215 ψυχή,
672 3137 810 3214 ἢμᾶλλον
822 3135 925 3211 έτερόν
936 3159 963 3195 τι
976 3129 1048 3196 οὖσα
1061 3135 1203 3210 έγγίνεται
1215 3147 1276 3204 τοῖς
1287 3138 1384 3208 μέλεσι
1395 3143 1463 3204 [var.
1472 3141 1489 3195 l.
1497 3141 1596 3211 μέρεσι

340 3229 386 3283 vel
407 3231 553 3298 μιχθεῑσι1.
588 3221 630 3282 ἔτι
652 3224 682 3282 δέ
699 3219 828 3297 πότερον
845 3219 862 3296 ἡ
881 3225 966 3282 Φιλία
984 3226 1033 3294 τῆς
1050 3216 1187 3294 τυχοάσης
1204 3223 1282 3280 αἰτία
1300 3225 1404 3292 μίξεως
1421 3219 1438 3296 ἢ
1455 3229 1504 3295 τῆς
1520 3222 1595 3282 κατά

287 3320 318 3369 39
340 3311 394 3370 τόν
415 3306 519 3384 λόγον;
554 3314 603 3368 καὶ
626 3300 696 3382 αῦτη
719 3305 847 3382 πότερον
870 3304 886 3366 ὃ
908 3303 996 3381 λόγος
1019 3302 1129 3378 έστίνῆ
1152 3305 1230 3377 παρά
1249 3305 1303 3364 τὸν
1324 3302 1415 3381 λόγον
1437 3302 1538 3379 έτερόν
1556 3329 1596 3378 τις

339 3398 375 3454 of
389 3397 509 3467 usuph
520 3397 551 3452 A
564 3400 605 3451 ιο.
618 3399 680 3451 ees·
691 3399 731 3450 15.
758 3395 876 3462 [Asse]
887 3393 1062 3463 despifitus
1071 3391 1173 3447 4851226
1189 3385 1226 3448 'u
1245 3392 1341 3448 αἰτίαν
1359 3387 1458 3460 ἁπλῶς
1475 3390 1526 3491 ‘'l‘'
1543 3397 1597 3451 τοῦ

341 3477 430 3541 ὀστοῦ
447 3477 540 3554 φάσιν.
566 3476 627 3552 (ἔτι
644 3476 730 3548 δέ>”
699 3498 780 3549 ειπερ
792 3469 908 3537 άπαντα
921 3475 974 3534 τὸν
986 3470 1076 3536 αὐτόν
1088 3471 1177 3549 λόγον
1188 3471 1292 3548 έχει·
1258 3497 1307 3547 της
1317 3478 1431 3546 μίξεως,
1450 3470 1594 3549 άδιάφορα

338 3563 460 3640 έχρῆν“
447 3586 536 3624 ιππου
557 3569 607 3622 καί
629 3564 748 3631 λέοντος
768 3567 817 3620 καί
840 3556 1001 3633 άνθρωπου
1023 3557 1104 3621 εἶναι.
1143 3562 1309 3616 Prursscu.
1327 3569 1432 3631 quaest
1450 3569 1506 3618 nat
1523 3567 1565 3629 29,
1578 3567 1592 3617 2

337 3671 366 3725 p.
379 3657 427 3708 911
438 3647 506 3708 A''
490 3672 561 3710 ενιοι
583 3649 612 3707 δέ
629 3667 717 3722 φασιν
735 3669 834 3719 ωσπερ
852 3644 997 3722 γάλακτος
1016 3640 1108 3717 ὀρρόν
1125 3665 1177 3703 του
1196 3641 1318 3715 αιματος
1335 3645 1534 3718 ταραχθέντος
1551 3643 1593 3702 έ

285 3744 317 3794 35
337 3734 497 3809 κροάεσθαι
514 3734 548 3793 τό
567 3730 733 3805 δάκρυον,
751 3728 792 3800 ῶς
807 3727 844 3791 'll

440 3893 481 3944 l9.
500 3887 631 3944 Somnus
644 3887 832 3958 Gynaec.15'l
852 3901 879 3953 p.
891 3887 951 3950 225,
964 3887 995 3937 16
1013 3883 1105 3949 (Rese)
1121 3884 1155 3938 de
1167 3882 1309 3938 umbilico:
1328 3881 1507 3954 συγκέκριται
1520 3887 1536 3940 δ
1540 3876 1547 3896 '
1561 3882 1593 3941 έκ

337 3969 484 4044 τεττάρων
497 3970 550 4030 τόν
559 3965 687 4042 άριθμὸν
696 3965 821 4044 άγγείων
830 3965 878 4027 δόο
888 3971 1046 4041 φλεβωδῶν
1055 3971 1104 4024 καί
1113 3962 1162 4024 δόο
1172 3960 1323 4039 άρτηριῶν,
1335 3961 1374 4024 δι’
1387 3958 1428 4024 ῶν
1438 3969 1478 4035 εἰς
1486 3968 1593 4041 θρέψιν

334 4051 386 4132 ille
404 4055 537 4129 αἳματικὴ
552 4060 602 4114 καὶ
614 4053 788 4127 πνευματικὴ
799 4055 1029 4125 παρακομίζεται
1042 4062 1103 4119 τοῖς
1114 4046 1257 4124 ἐμβρύοις.
1288 4046 1448 4122 έμφάεσθαι
1461 4052 1591 4110 δὲταῦτα

336 4147 522 4214 Εμπεδοκλῆς
538 4141 636 4211 μένί
608 4161 649 4207 ες
667 4139 703 4198 τό
721 4132 798 4213 ἦπαρ
818 4135 918 4205 οίεται,
937 4142 1140 4207 Φαίδροςε
1078 4136 1108 4193 δέ
1126 4135 1167 4201 εἰς
1184 4133 1234 4207 τὴν
1252 4137 1381 4206 καρδίαν.

283 4306 314 4355 49
442 4293 769 4364 80.I1›nu121p.185‚
783 4296 814 4348 18
838 4292 873 4346 de
894 4292 1050 4346 menstruis:
1075 4285 1134 4345 ε’στι
1157 4285 1213 4360 γάρ
1239 4277 1288 4344 ὅτε
1311 4290 1360 4343 καὶ
1381 4291 1590 4356 προπαραλαμ

335 4375 419 4453 βάνει
436 4376 516 4445 τινάς
533 4374 639 4450 ἡμέρας
656 4402 673 4450 η
662 4375 849 4450 έφυστερεῑ.
879 4380 965 4432 τοῦτο
984 4378 1014 4432 δέ
1032 4371 1063 4429 έν
1081 4368 1196 4444 έκάστηι
1212 4368 1288 4429 κατά
1305 4369 1356 4440 τὴν
1373 4363 1483 4428 ίδίαν
1465 4375 1592 4428 απαντᾶι

334 4465 520 4535 προθεσμίαν
531 4467 580 4520 καί
599 4457 735 4535 ου<κ>
676 4456 735 4529 del)
751 4459 826 4520 κατά
839 4458 891 4527 τάς
903 4453 991 4526 αυτάς
1001 4447 1225 4530 (περιάδους)“
1200 4449 1329 4525 ωσπερρ
1343 4459 1464 4524 Διοκλῆς
1476 4454 1517 4524 [fr
1531 4460 1590 4522 171]

333 4550 437 4621 (φησι)
454 4542 567 4615 πάσαις,
585 4552 633 4605 καὶ
646 4543 731 4607 πάλιν
742 4541 788 4616 Ἐ,
806 4545 1012 4615 ἐλαττουμένου
1030 4547 1083 4600 τοῦ
1094 4539 1193 4613 φωτὸς
1204 4546 1254 4613 τῆς
1265 4534 1391 4612 σελήνης.
1418 4561 1448 4596 αι
1439 4536 1568 4609 μέν
1533 4562 1589 4613 γαρ

333 4654 393 4736 προ
383 4628 520 4700 είκάδος
537 4634 568 4691 αὶ
585 4634 615 4691 δε
631 4631 662 4689 έν
675 4628 764 4691 εθιάδι
775 4634 976 4702 καθαίρονται,
993 4650 1031 4686 κα
1033 4621 1140 4684 ὶπάλιν
1153 4649 1183 4683 αι
1174 4624 1246 4696 (μὲν
1259 4619 1454 4694 αὐξανομένου
1466 4629 1519 4683 τοῦ
1530 4647 1589 4697 φω·

280 4726 312 4775 45
334 4716 389 4786 τὸς
407 4722 457 4790 τῆς
475 4713 591 4791 σελήνης
609 4718 638 4775 αἳ
655 4719 686 4775 δὲ
703 4717 821 4788 μειουμέ
822 4736 883 4773 νου.
919 4714 963 4782 [τί.
974 4715 1027 4769 Ar.
1040 4713 1075 4767 de
1086 4729 1168 4768 anun
1180 4711 1243 4767 hist
1255 4711 1319 4766 Η2.
1333 4715 1394 4766 582·
1404 4713 1454 4775 84]

385 4812 486 4865 Diels,
499 4813 586 4857 Poetae
598 4811 677 4867 philos
1369 4801 1383 4848 7
