4117 5617
793 515 825 569 B.
843 515 900 570 FB„
913 519 1056 570 112-115.
1091 516 1262 571 ΚΑΘΑΡΜΟΙ
1598 516 1658 576 151

401 704 437 743 το
456 682 489 743 ἓν
505 689 554 743 καί
571 680 623 757 τἠν
638 681 750 743 ἐκείνου
767 680 888 756 ἑνότητα
906 681 938 741 ἐν
955 673 991 741 ῶι
1006 673 1042 757 ἧν
1059 688 1127 758 πρὶν
1142 679 1201 743 ύπό
1218 688 1272 742 τοῦ
1289 687 1413 751 Νείκους
1429 677 1658 759 ἀποσπασθῆναι

400 773 451 827 καί
467 771 604 842 γενέσθαι
621 769 653 827 ἐν
669 777 732 836 τοῖς
743 774 863 836 πολλοῖς
879 768 995 836 τούτοις
1012 778 1075 836 τοῖς
1085 764 1161 828 κατά
1179 766 1231 842 τὴν
1247 775 1301 828 τού
1313 771 1437 837 Νείκους
1454 767 1656 844 διακόσμησιν·

398 851 554 922 ιΝείιιεῖ,
570 851 628 927 γάρ
650 873 728 927 φησι,
749 855 987 925 (μαινομένωι
1009 847 1196 922 πίσυνοί),
1217 852 1440 926 μαινόμενον
1461 859 1511 912 καί
1532 877 1655 929 τεταρα·

401 939 510 1012 γμένον
525 944 574 998 καί
586 937 715 1000 ἄστατον
733 939 788 998 τόν
802 936 975 1012 δημιουργόν
990 943 1074 997 τοῦδε
1092 943 1146 997 τού
1160 934 1274 1009 κόσμου
1292 935 1309 998 ό
1328 933 1365 999 ’E-
1383 932 1550 998 ἀποκαλῶν.
1586 936 1657 1017 αύτη

401 1020 459 1098 γάρ
476 1023 554 1083 ἐστιν
570 1021 736 1098 ἡκαταδίκη
752 1031 802 1084 καί
813 1019 924 1098 ἀνάγκη
940 1029 1000 1082 τῶν
1017 1030 1127 1098 ψυχῶν,
1145 1015 1187 1082 (όν
1199 1017 1330 1083 ύποσπάι
1347 1019 1382 1082 τό
1398 1029 1505 1093 Νεῖκος
1523 1019 1582 1085 άπό
1603 1033 1657 1086 τού

402 1108 469 1179 ἑνός
480 1115 529 1170 καί
540 1117 705 1186 δημιουργεῖ
713 1116 763 1170 καί
774 1106 926 1184 ἐργάζεται
936 1109 1029 1183 λέγων
1040 1106 1177 1168 τοιοῦτόν
1188 1129 1252 1167 τινα
1261 1101 1405 1182 τρόπον·“
1416 1104 1454 1178 ὃς
1465 1115 1523 1169 καὶ
1534 1111 1550 1169 ἐ
1554 1113 1594 1169 πί
1599 1131 1658 1185 ορ-

401 1190 630 1270 κον-βίοιο’
641 1201 717 1264 (4.5),
730 1200 902 1267 δαίμονας
913 1192 1069 1268 τάςψυχάς
1078 1192 1170 1267 λέγων
1180 1197 1432 1264 μακραίωνας,
1446 1187 1490 1254 ότι
1500 1199 1572 1255 εἰσὶν
1583 1189 1658 1256 ἀθά·

403 1303 487 1340 νατοι
504 1285 553 1338 καί
569 1279 700 1352 μακρούς
716 1285 805 1351 ζῶσιν
821 1282 940 1349 αἰῶνας·
954 1278 1048 1353 ιτρίς
1062 1312 1093 1320 -
1106 1273 1126 1339 ά
1132 1273 1321 1352 λάλησθαι’
1344 1284 1388 1348 (6),
1409 1277 1544 1356 μάκαρας
1560 1287 1659 1366 καλῶν

402 1364 471 1433 τούς
479 1366 669 1439 συνηγμένους
679 1362 736 1424 ύπό
746 1370 796 1439 τῆς
806 1370 907 1434 Φιλίας
916 1360 976 1425 ἀπό
986 1371 1046 1424 τῶν
1054 1369 1171 1423 πολλῶν
1182 1365 1223 1431 είς
1231 1361 1283 1437 τὴν
1291 1362 1413 1438 ἑνότητα
1422 1369 1476 1424 τοῦ
1483 1363 1597 1436 κόσμου
1606 1387 1660 1426 του

403 1455 517 1523 νοητοῦ.
542 1443 663 1518 τούτους
680 1442 732 1510 ούν
749 1471 834 1524 φησιν
846 1446 1007 1524 ἀλάλησθαι
1023 1453 1073 1508 καί
1089 1447 1296 1522 ’φυομένους
1311 1482 1340 1490 -
1352 1445 1559 1518 κελεύθους’
1577 1458 1612 1519 (7.
1625 1456 1660 1519 8),

402 1529 581 1608 ἀργαλέας
593 1532 841 1602 -κελεύθους
871 1530 1049 1608 ἀργαλέας
1066 1535 1264 1602 κελεύθους
1286 1540 1372 1608 φησίν
1389 1531 1463 1593 εἶναι
1480 1541 1540 1594 τῶν
1558 1543 1660 1611 ψυχῶν

402 1618 455 1687 τάς
471 1621 512 1687 είς
529 1616 699 1691 τὰσώματα
709 1619 876 1694 μεταβολάς
891 1625 941 1677 καί
951 1617 1187 1692 μετακοσμήσεις.
1218 1615 1300 1678 τοῦτ’
1313 1617 1390 1679 έστιν
1409 1615 1426 1679 δ’
1438 1620 1514 1694 λέγει
1527 1617 1566 1681 (ά
1574 1644 1659 1696 ργα-

402 1703 784 1773 λέας-κελεύθουςίδλ.
804 1701 1094 1776 μεταλλάσσουσι
1106 1702 1164 1777 γάρ
1174 1703 1203 1762 αὶ
1212 1708 1301 1778 ψυχαί
1310 1702 1437 1775 σῶμαέκ
1446 1701 1589 1776 σώματος,
1600 1702 1658 1766 ύπό

402 1795 457 1849 τού
473 1793 597 1856 Νείκους
612 1788 865 1863 μεταβαλλόμεναι
880 1794 929 1847 καί
945 1785 1149 1860 κολαζόμεναι,
1170 1794 1219 1847 καί
1237 1784 1290 1848 ούκ
1307 1785 1432 1861 ἐῶμεναι
1449 1791 1546 1861 μένειν
1563 1792 1603 1858 είς
1622 1792 1657 1850 τό

402 1871 442 1932 έν.
477 1868 550 1934 ἀλλά
566 1871 745 1945 κολάζεσθαι
761 1873 794 1932 έν
811 1871 919 1942 πάσαις
934 1873 1091 1933 κολάσεσιν
1107 1868 1165 1933 ύπὸ
1183 1880 1236 1933 τοῦ
1249 1877 1373 1943 Νείκους
1390 1874 1443 1944 τάς
1461 1874 1555 1949 φυγάς
1570 1897 1659 1947 μετα·

401 1959 584 2032 βαλλομένας
596 1965 679 2030 σῶμα
691 1958 724 2018 ἐκ
736 1956 886 2030 σωματος·
905 1954 1072 2030 αἰθέριόν
1084 1979 1135 2033 γε,
1147 1962 1225 2032 φησί,
1238 1960 1347 2030 μένος
1359 1992 1390 2002 -·
1404 1955 1534 2027 πάντες
1546 1964 1659 2028 (9-12).
1680 1987 1682 1992 ·

403 2035 473 2118 αύτη
489 2044 568 2103 ἐστίν
588 2040 606 2118 ἢ
622 2041 742 2112 κόλασις
758 2039 794 2116 ἢν
810 2038 927 2114 κολάζει
951 2039 967 2101 ὁ
990 2041 1162 2118 δημιουργός
1183 2044 1320 2118 καθάπερ
1336 2040 1458 2119 χαλκεύς
1475 2066 1518 2113 τις
1534 2066 1659 2117 μετακο-

404 2135 486 2200 σμῶν
504 2133 621 2204 σίδηρον
642 2133 691 2186 καί
707 2127 740 2187 ἐκ
757 2128 849 2199 πυρός
866 2130 908 2195 εἰς
923 2120 1000 2203 ύδωρ
1025 2126 1236 2203 μεταβάπτων·
1255 2135 1313 2202 πῦρ
1329 2125 1387 2205 γάρ
1404 2130 1484 2189 ἐστιν
1503 2126 1519 2189 ό
1540 2129 1647 2205 αἰθήρ

404 2206 477 2274 όθεν
494 2216 535 2282 είς
551 2213 664 2273 πόντον
684 2209 858 2288 μεταβάλλει
879 2212 932 2282 τάς
953 2214 1047 2286 ψυχάς
1072 2208 1088 2272 ό
1111 2210 1290 2289 δημιουργός,
1311 2215 1410 2289 χθῶν
1432 2217 1463 2276 δέ
1485 2211 1502 2288 ἦ
1522 2221 1567 2291 γῆ,
1586 2208 1660 2276 όθεν

403 2302 491 2372 φησίν
504 2295 554 2367 (ἐξ
567 2291 672 2367 ύδατος
688 2300 730 2367 είς
746 2305 807 2374 γῆν,
825 2298 859 2358 ἐκ
874 2305 925 2373 γῆς
942 2300 973 2358 δέ
989 2300 1030 2366 είς
1048 2298 1102 2358 τόν
1119 2293 1201 2374 άέρα,
1218 2300 1367 2358 τουτέστιν
1386 2295 1403 2358 ό
1421 2301 1496 2375 λέγει
1509 2295 1612 2375 ιγαῖα
1630 2295 1659 2360 δ’

402 2381 437 2451 ἐς
449 2378 558 2456 αύγάς
568 2377 692 2458 ἠελίου
703 2417 738 2426 -
750 2379 896 2453 πάντες’
913 2389 1043 2453 (10-12).
1060 2386 1235 2456 μισουμένας
1247 2378 1299 2444 ούν
1310 2383 1364 2454 τάς
1375 2385 1470 2459 ψυχάς
1502 2427 1510 2444 .
1522 2428 1530 2444 .
1542 2384 1659 2462 συνάγει

402 2465 525 2540 ἦΦιλία
543 2465 639 2544 άγαθὴ
658 2492 701 2538 τις
718 2461 791 2529 ούσα
813 2475 863 2529 καί
884 2471 1126 2542 κατοικτείρουσα
1148 2471 1202 2528 τόν
1224 2471 1389 2545 στεναγμόν
1413 2465 1510 2530 αύτῶν
1534 2470 1658 2544 καίτίην

402 2551 533 2613 ἄτακτον
553 2560 602 2613 καί
620 2553 752 2629 πονηράν
769 2561 823 2615 τοῦ
840 2559 993 2622 Νείκους
1016 2559 1080 2613 τοῦ
1095 2556 1316 2626 μαινομένου
1332 2553 1512 2629 κατασκευήν
1614 2557 1658 2617 διά

402 2638 455 2712 τὴν
472 2635 607 2714 τοιαύτην
625 2631 677 2699 ούν
693 2645 746 2699 τοῦ
764 2636 902 2711 όλεθρίου
919 2643 1044 2707 Νείκους
1065 2635 1252 2714 διακόσμησιν
1274 2646 1359 2700 τοῦδε
1376 2647 1430 2701 τοῦ
1446 2644 1659 2718 μεμερισμένου

401 2719 515 2796 κόσμου
532 2720 651 2784 πάντων
662 2719 801 2799 ἐμψύχων
820 2720 836 2783 ό
848 2719 1037 2797 Ἐμπεδοκλῆς
1054 2724 1123 2793 τούς
1134 2725 1238 2784 ἑαυτοῦ
1248 2725 1382 2800 μαθητάς
1393 2721 1554 2801 ἀπέχεσθαι
1566 2749 1658 2802 παρα-

401 2816 498 2868 καλεῖ·
525 2806 599 2868 εἶναι
621 2805 679 2882 γάρ
701 2831 770 2883 φησι
791 2809 827 2869 τά
850 2807 970 2880 σώματα
997 2814 1058 2868 τῶν
1079 2806 1174 2881 ζιύιων
1200 2809 1236 2870 τά
1263 2808 1422 2882 ἐσθιόμενα
1449 2818 1550 2886 ψυχῶν
1575 2833 1658 2872 κεκο-

402 2895 553 2966 λασμένων
576 2891 731 2968 οίκητήρια.
766 2901 816 2953 καί
840 2894 990 2969 ἐγκρατεῖς
1012 2890 1085 2953 είναι
1108 2891 1177 2962 τοὺς
1200 2901 1259 2954 τῶν
1283 2892 1424 2954 τοιούτων
1445 2893 1543 2970 λόγων
1568 2891 1658 2972 άκρο·

403 2979 531 3050 ωμένους
557 2986 607 3051 τῆς
632 2980 708 3055 πρός
738 2990 858 3054 γυναῖκα
890 2976 1006 3050 ὁμιλίας
1036 2975 1168 3047 διδάσκει,
1198 2977 1248 3038 ἵνα
1278 2979 1317 3050 μὴ
1350 2977 1583 3054 συνεργάζονται
1608 2988 1658 3041 καί

402 3061 708 3139 συνεπιλαμβάνονται
724 3071 784 3123 τῶν
801 3062 903 3139 έργων,
920 3055 962 3123 ῶν
977 3070 1142 3139 δημιουργεῖ
1158 3062 1192 3124 τό
1206 3070 1313 3131 Νεῖκος
1329 3062 1365 3123 τό
1383 3069 1434 3133 τῆς
1452 3068 1554 3133 Φιλίας
1570 3063 1658 3141 έργον

402 3155 473 3208 λύον
490 3144 602 3208 ἀείκαὶ
620 3156 763 3209 διασπῶν·
781 3155 888 3209 τοῦτον
905 3146 981 3209 εἶναί
997 3169 1084 3223 φησιν
1103 3146 1120 3207 ό
1136 3145 1326 3223 Ἐμπεδοκλῆς
1343 3147 1438 3219 νόμον
1454 3151 1591 3224 μέγιστον
1607 3157 1658 3224 τῆς

401 3241 455 3295 τοῦ
471 3238 583 3304 παντός
609 3231 774 3309 διοικήσεως
795 3237 887 3309 λέγων
908 3226 964 3293 ὧδέ
980 3253 1055 3302 πως·
1070 3230 1232 3293 ιέστιν-
1245 3228 1381 3308 όρκοις’
1399 3239 1434 3302 (1.
1447 3240 1480 3304 2),
1499 3230 1658 3310 ἀνάγκην

401 3327 500 3379 καλῶν
517 3320 569 3393 τὴν
585 3319 617 3390 ἐξ
632 3317 699 3388 ἑνός
716 3319 758 3388 είς
774 3319 866 3381 πολλά
885 3319 960 3380 κατά
978 3318 1013 3379 τό
1033 3325 1139 3387 Νεῖκος
1155 3323 1204 3377 καί
1221 3317 1255 3378 ἐκ
1272 3323 1390 3376 πολλῶν
1406 3320 1447 3387 εἰς
1465 3317 1497 3377 έν
1513 3317 1588 3379 κατά
1606 3319 1659 3393 τὴν

404 3409 507 3465 Φιλίαν
524 3405 696 3480 μεταβολήν.
732 3405 839 3473 θεούς
855 3407 893 3472 δέ,
911 3403 951 3473 ῶς
962 3404 1042 3479 έφην,
1059 3404 1203 3480 τέσσαρας
1219 3406 1273 3476 μέν
1285 3399 1419 3477 θνητούς,
1436 3408 1494 3476 πῦρ
1512 3394 1586 3478 ύδωρ
1604 3409 1658 3476 γῆν

402 3485 484 3564 ἀέρα,
494 3487 543 3550 δύο
553 3492 583 3550 δέ
593 3485 768 3559 ἀθανάτους,
779 3485 960 3565 άγεννύτους,
969 3494 1126 3561 πολεμίους
1134 3487 1247 3557 ἑαυτοῖς
1259 3487 1303 3550 διά
1315 3485 1434 3556 παντός,
1446 3487 1481 3547 τό
1492 3494 1599 3556 Νεῖκος
1609 3493 1658 3546 καί

401 3573 454 3648 τὴν
467 3579 577 3634 Φιλίαν.
624 3577 741 3633 imitatio
753 3577 897 3632 Pmoms
907 3577 938 3632 A
951 3581 983 3632 99
1000 3593 1028 3648 p.
1043 3582 1099 3645 104,
1113 3582 1146 3633 34
1194 3581 1217 3630 1.
1230 3581 1255 3630 3.
1268 3581 1292 3630 5.
1310 3580 1335 3631 6.
1349 3580 1380 3630 13
1398 3576 1486 3631 Ριππ.
1502 3575 1538 3630 de
1549 3574 1611 3630 exil.
1625 3579 1657 3629 17

401 3652 1657 3734 p.607056’'l‘2.ssvdpxrjttricptiooooet'acapoavawwvvffoac‘&ottv-dhffvqc'

402 3736 580 3817 ούχ(όπως>
592 3741 705 3811 ἑαυτόν,
713 3738 778 3803 ἀλλ’
790 3739 845 3818 ἀφ’
854 3743 959 3803 ἑαυτοῦ
968 3743 1080 3813 πάντας
1088 3741 1274 3804 ἀποδείκνυσι
1281 3739 1465 3815 μἐτανάστας
1473 3742 1600 3802 ἐνταῦθα
1609 3747 1658 3801 καὶ

401 3829 500 3896 ξένους
515 3833 564 3887 καί
582 3824 710 3901 φυγάδας
731 3829 805 3902 ἡμᾶς
828 3828 916 3897 ὄντας
934 3872 941 3886 .
960 3874 967 3888 .
987 3876 994 3888 .
1012 3828 1111 3904 φεύγει
1128 3837 1174 3896 [ευ.
1193 3825 1210 3903 ἢ
1233 3827 1318 3903 ψυχά]
1339 3833 1388 3887 καί
1405 3833 1549 3887 πλανᾶται
1565 3829 1658 3895 θείοις

400 3910 576 3987 ἐλαυνομένη
598 3909 721 3986 δόγμασι
743 3919 792 3972 καί
809 3911 918 3985 νόμοις.
973 3922 1022 3972 1.2
1042 3917 1141 3973 Sum.
1152 3915 1232 3988 phys.
1247 3919 1349 3982 1184,5
1368 3917 1397 3972 τί
1414 3914 1444 3972 δέ
1461 3911 1589 3988 διαφέρει
1606 3917 1659 3970 τοῦ

405 3988 452 4056 ότι
469 3999 595 4072 πέφυκεν
614 3992 707 4066 οὕτως
729 3999 764 4057 τό
783 3997 815 4068 ἐξ
836 3993 962 4073 άνάγκης
984 4001 1084 4074 λέγειν,
1107 4001 1204 4058 αἰτίαν
1224 3997 1263 4071 μὴ
1286 4000 1495 4071 προστιθέντα,·
1519 4003 1611 4056 ταῦτα
1629 3998 1659 4056 δέ

399 4076 437 4141 'a
455 4081 532 4142 ἔοικε
552 4083 645 4157 λέγειν
661 4081 693 4141 ἐν
710 4089 762 4142 τῶι
777 4081 830 4142 (ἐν
847 4087 881 4145 δὲ
902 4087 1002 4156 μέρει
1015 4117 1050 4127 -
1059 4079 1221 4158 γρόνοιοΙ
1234 4084 1278 4153 (fr.
1297 4089 1376 4155 26,1)
1394 4089 1443 4142 καὶ
1461 4075 1509 4143 ὅτ’
1531 4077 1659 4157 ἀνάγκην

401 4173 462 4225 τῶν
477 4169 638 4241 γινομένων
656 4170 781 4235 αἰτιᾶται
798 4167 909 4228 ἐστιν
921 4202 954 4210 -
968 4162 1117 4243 όρκοις’·
1141 4167 1187 4227 διά
1213 4168 1271 4243 γάρ
1294 4168 1346 4242 τὴν
1363 4163 1499 4243 Ἀνάγκην
1520 4174 1569 4227 καὶ
1592 4167 1659 4236 τούς

404 4247 512 4326 ὅρκους
535 4252 656 4320 τούτους
677 4251 818 4326 ἑκάτερον
841 4253 920 4329 παρά
943 4255 1034 4328 μέρος
1053 4253 1219 4329 ἐπικρατεῖν
1241 4274 1318 4329 φησι.
1352 4256 1502 4311 Pom
1520 4257 1659 4329 περὶτοῦ

401 4332 452 4411 ἐφ’
469 4335 536 4412 ἡμῖν
553 4340 631 4396 stob.
649 4340 697 4396 ool.
714 4341 744 4395 Π
755 4345 788 4397 42
806 4345 903 4411 (169,3
920 4341 1068 4407 Waehsm.)
1092 4334 1213 4412 ἀρέσκει.
1229 4345 1278 4398 καί
1301 4337 1337 4398 τό
1359 4337 1495 4413 τοιαύτην
1516 4335 1589 4398 είναι
1606 4336 1658 4395 τύν

401 4424 580 4499 είμαρμένην,
597 4423 725 4483 ἐοικυῖαν
738 4435 802 4492 ταῖς
818 4430 879 4483 τῶν
892 4423 993 4496 νόμων
1006 4420 1202 4498 διαγορεύσεσι
1220 4422 1314 4495 νόμον
1332 4415 1423 4482 ούσαν
1439 4427 1488 4481 καί
1505 4416 1593 4495 αὐτὴν
1608 4426 1658 4479 καὶ

399 4505 507 4566 (θεῶν
520 4541 553 4550 -
565 4502 712 4580 όρκοις’,
733 4515 817 4584 φησίν
839 4505 874 4568 ’E
930 4515 944 4565 1
962 4510 1055 4581 signif.
1073 4511 1162 4567 Ριστ.
1180 4512 1216 4566 de
1232 4511 1293 4567 soll.
1311 4516 1383 4566 απτ
1406 4527 1433 4580 p.
1446 4508 1529 4564 964ss
1551 4501 1586 4566 ’Ν
1609 4510 1658 4564 καί

397 4587 640 4663 Ἡράκλειτος...
655 4589 825 4667 ὀδυρόμενοι
843 4596 942 4666 (Rmp.)
960 4599 1009 4653 καί
1021 4600 1223 4668 λοιδοροῦντες
1240 4595 1325 4662 (Her.)
1343 4593 1394 4665 τὴν
1412 4591 1497 4666 φύσιν
1515 4586 1555 4659 ῶς
1572 4585 1658 4664 ἀνάγ·

400 4688 460 4751 νην
471 4679 570 4749 (amp.)
587 4682 636 4737 καί
653 4677 784 4749 πόλεμον
801 4681 886 4748 (Her.)
905 4671 996 4738 ούσαν
1057 4686 1143 4752 θεηο.
1162 4680 1304 4752 significat
1319 4681 1408 4736 Pwr.
1420 4680 1456 4735 de
1472 4678 1527 4734 def.
1540 4694 1610 4736 οιοο.
1625 4683 1656 4733 16
