4117 5617
470 577 512 636 52
954 579 980 629 4.
997 567 1244 630 PARMENIDES

471 740 653 816 παράπτεται
665 740 843 814 πλάσματος,
861 745 890 801 τί
907 733 960 800 οόν
977 743 1091 816 διέφερε
1103 748 1190 801 τοῦτο
1210 743 1300 801 ειπεῐν
1318 738 1335 814 ῆ
1353 737 1393 808 ὡς
1408 733 1524 814 Ὀρφεῦς
1541 733 1642 797 είπεν“
1653 731 1732 795 ωέὸν

471 824 644 904 άργῦφεονᾘ
671 830 838 884 Μααααοαα
855 828 949 894 [immo
967 827 1166 894 Gmmmms]
1193 828 1262 885 rhet.
1279 828 1330 895 Ι2,
1342 832 1357 883 2
1378 829 1492 898 φυσικοί
1510 829 1556 891 [ευ
1576 814 1671 893 όμνοι]
1700 822 1731 879 δε

472 913 594 981 όποίους
612 913 641 972 οἳ
658 917 724 987 περί
742 915 924 986 Παρμενίδην
940 917 991 970 καί
1003 909 1195 981 Ἐμπεδοκλέα
1213 910 1352 985 ἐτίμησαν
1369 909 1518 983 [ἐποίησαν
1533 910 1632 976 Burs.‚]
1651 901 1726 974 τίςι
1712 931 1729 976 η

471 1004 524 1059 τοῦ
540 993 722 1064 ’Λπόλλωνος
740 994 832 1068 φάσις,
850 996 928 1064 τίς“
910 1022 926 1070 η
945 1003 998 1056 τοῦ
1016 998 1087 1064 Διὸς
1103 997 1345 1070 παρατιθέμενοι·
1364 1002 1413 1055 καί
1402 996 1460 1055 ίοί
1477 998 1582 1053 πολλοί
1599 996 1659 1051 τιῦν
1674 985 1731 1067 ’ορ-

471 1087 548 1158 φέως
564 1084 670 1144 τούτου
687 1087 740 1142 τοῦ
757 1081 883 1158 τρόπους
900 1084 938 1138 id.
956 1084 1013 1151 Ι5,
1025 1088 1040 1138 2
1060 1083 1132 1141 εἰσίν
1149 1083 1179 1142 δέ
1196 1087 1332 1151 τοιοῦτοι,
1352 1073 1425 1141 όταν
1442 1074 1621 1146 ’Λπόλλωνος
1637 1069 1731 1149 ῦμνον

471 1171 605 1243 λέγοντες
612 1160 694 1241 ηλιον
705 1163 797 1227 αότόν
809 1164 882 1227 εἶναι
891 1160 1049 1239 φάσκωμεν
1057 1172 1107 1225 καί
1119 1171 1185 1241 περί
1194 1188 1247 1226 του
1233 1162 1385 1240 ’ῆλίου”
1350 1189 1400 1239 της
1408 1165 1522 1241 φάσεως
1530 1161 1730 1238 διαλεγώμεθα

470 1258 520 1313 καί
537 1259 603 1328 περί
612 1248 704 1328 Ηρας
721 1244 767 1312 ότι
785 1245 849 1325 άῆρ,
866 1257 916 1311 καί
933 1250 1004 1320 Ζεὺς
1020 1249 1056 1311 τὸ
1075 1250 1204 1329 θερμόν·
1222 1251 1251 1312 οί
1267 1252 1326 1327 γάρ
1345 1256 1473 1310 τοιοῦτοι
1490 1245 1575 1321 ῦμνοι
1592 1255 1731 1322 φυσιολο-

470 1342 557 1484 γικοί.
592 1343 641 1397 καί
656 1343 784 1412 χριῦνται
805 1339 836 1396 66
853 1341 905 1396 τιῦι
926 1334 1063 1397 τοιοότωι
1088 1334 1202 1411 τρόπωι
1221 1343 1257 1396 Π.
1275 1359 1307 1396 τε
1329 1342 1378 1396 καί
1394 1331 1584 1408 Ἐμπεδοκλῆς
1601 1329 1731 1408 άκριβως

493 1429 576 1483 ..IL
593 1425 647 1494 μέν
663 1423 722 1496 γάρ
739 1427 788 1481 καί
804 1416 994 1495 Ἐμπεδοκλῆς
1010 1420 1186 1496 ἐξηγοῦνται,
1212 1424 1382 1483 Πλάτωνδέ
1369 1421 1432 1482 έέν
1448 1417 1641 1495 βραχυτάτοις
1658 1414 1730 1477 άνα-

471 1467 645 1583 Ομέμνηέσκέί

576 1615 618 1666 21.
636 1610 762 1666 Smne.
780 1611 860 1682 phys.
881 1615 938 1677 144,
955 1615 988 1665 25
1010 1614 1060 1668 καί
1083 1607 1113 1668 εί
1129 1632 1181 1669 τωι
1203 1607 1242 1683 μῆ
1265 1613 1343 1668 δοκοῦ
1359 1611 1506 1683 γλίσχρος,
1527 1603 1658 1680 ῆδέως’
1638 1628 1677 1665 αν
1692 1604 1729 1664 τά

472 1700 539 1769 περί
555 1699 610 1754 τοῦ
626 1693 692 1762 ἑνός
710 1692 797 1761 ὄντος
814 1693 867 1766 ἔπη
884 1700 937 1755 τοῦ
955 1698 1136 1770 Παρμενίδου
1156 1696 1226 1767 μηδὲ
1250 1695 1344 1753 πολλά
1369 1692 1441 1752 όντα
1464 1697 1560 1751 τοῖσδε
1579 1701 1641 1758 τοῖς
1657 1687 1730 1750 ὑπο·

471 1778 598 1854 μνήμασι
609 1775 833 1852 παραγράφοιμι
850 1774 895 1838 διά
914 1801 946 1839 τε
963 1777 1015 1852 τὴν
1026 1783 1124 1839 πίστιν
1142 1784 1202 1837 τιῦν
1218 1775 1270 1838 ὕπ’
1284 1779 1356 1851 ἐμοῦ
1368 1779 1532 1853 λεγομένων
1548 1781 1597 1835 καί
1615 1777 1660 1836 διά
1679 1777 1732 1848 τὴν

472 1863 577 1926 σπάνιν
594 1870 647 1925 τοῦ
665 1868 873 1940 Παρμενιδείου
891 1861 1123 1940 συγγράμματος.

575 2002 753 2057 Doctum.

575 2093 617 2143 ιν.
637 2087 744 2156 [εισι]
771 2087 872 2143 strom.
894 2090 909 2139 ε
937 2085 1011 2151 [Eue.
1031 2086 1062 2140 Ρ.
1080 2087 1112 2141 Ε.
1130 2088 1145 2142 1
1161 2092 1219 2153 ατ
1246 2087 1319 2142 Dox.
1342 2090 1400 2151 σεο]
1429 2089 1464 2142 α.
1491 2085 1520 2142 οε
1548 2077 1564 2141 δ
1591 2076 1732 2155 Ἐλεάτης,

473 2170 589 2244 ἑταῖρος
601 2163 796 2244 Ξενοφάνους,
813 2161 874 2240 άμα
891 2170 945 2239 μὲν
960 2175 1010 2228 καί
1028 2174 1088 2227 τιῦν
1099 2169 1205 2230 τοῦτου
1222 2176 1313 2239 δοξιῦν
1326 2164 1538 2241 άντεποιὴσατο
1558 2160 1618 2239 άμα
1635 2170 1666 2229 66
1683 2174 1732 2228 καί

474 2255 527 2331 τῆν
543 2255 676 2314 ἐναντίαν
693 2254 874 2329 ἐνεχείρησεν
892 2252 1000 2314 στάσιν.
1037 2249 1129 2314 άίδιον
1146 2257 1199 2327 μέν
1222 2256 1280 2330 γάρ
1297 2252 1332 2329 τὸ
1352 2259 1411 2312 πᾶν
1427 2258 1476 2311 καὶ
1497 2248 1636 2328 άκίνητον
1657 2251 1732 2314 άπο·

473 2344 608 2415 φαίνεται
619 2345 685 2407 [καί]
703 2335 778 2399 κατὰ
798 2335 849 2412 τὴν
861 2344 919 2397 τιῦν
931 2333 1112 2415 πραγμάτων
1124 2335 1277 2413 άλῆθειαν·
1295 2332 1367 2399 εἶναι
1379 2337 1435 2412 γάρ
1448 2335 1521 2398 αῦτό
1534 2334 1686 2410 ζμοῦνον
1698 2373 1732 2381 -

473 2420 661 2501 όγένητον’
680 2426 723 2491 [fr.
735 2431 760 2492 8,
771 2430 808 2490 4]-
843 2424 954 2497 γένεσιν
972 2425 1002 2484 66
1021 2419 1170 2484 τῶνκαθ’
1196 2423 1343 2499 ὑπόληψιν
1361 2430 1449 2499 ψευδῆ
1467 2420 1633 2482 δοκούντων
1651 2421 1732 2483 εἶναι.

472 2515 522 2569 καί
539 2507 592 2579 τάς
609 2507 756 2583 αίσθῆσεις
777 2502 910 2584 ἐκβάλλει
933 2508 967 2568 ἐκ
988 2515 1038 2584 τῆς
1060 2505 1206 2584 άληθείας.
1241 2515 1310 2584 φησί
1326 2511 1356 2570 δὲ
1380 2502 1424 2569 ότι
1447 2509 1516 2568 είτι
1539 2506 1619 2585 παρὰ
1642 2506 1678 2569 τό
1699 2507 1734 2569 όν

472 2592 604 2670 ὑπάρχει,
620 2600 708 2654 τοῦτο
732 2588 786 2654 οόκ
810 2593 888 2654 ἔστιν
911 2591 958 2652 όν·
983 2592 1018 2653 τό
1043 2596 1072 2654 66
1093 2594 1132 2669 μῆ
1157 2591 1194 2655 όν
1211 2593 1243 2653 ἐν
1264 2605 1327 2663 τοῖς
1351 2586 1430 2662 όλοις
1448 2589 1501 2653 οῦκ
1517 2590 1604 2653 ἐστιν.
1640 2587 1734 2663 οὕτως

474 2671 580 2739 οὖντὸ
605 2676 641 2738 όν
663 2674 804 2753 άγένητον
825 2675 991 2739 άπολείπει’
1016 2681 1092 2754 λέγει
1113 2682 1143 2739 66
1167 2676 1219 2753 τῆν
1240 2684 1293 2754 γῆν
1314 2684 1367 2739 τοῦ
1389 2684 1498 2738 πυκνοῦ
1519 2682 1734 2756 καταρρυέντος

474 2761 562 2839 άέρος
577 2764 729 2838 γεγονέναι
747 2771 772 2831 [ο
788 2765 979 2835 Theophrasto
996 2773 1029 2823 ut
1044 2767 1174 2837 pleraque
1193 2782 1263 2837 quae
1281 2771 1439 2836 sequuntur]

576 2872 618 2923 23.
636 2868 755 2923 Hm‘on
773 2867 905 2924 66111
926 2870 1007 2934 [Dox.
1021 2874 1081 2933 564]
1104 2876 1154 2926 καί
1175 2869 1233 2943 γάρ
1254 2873 1304 2927 καί
1322 2874 1356 2927 Π
1374 2866 1405 2926 έν
1421 2870 1475 2940 μὲν
1497 2869 1532 2927 τὸ
1555 2873 1615 2927 πᾶν
1631 2863 1733 2927 ῦποτί·
1770 2877 1783 2927 1

473 2959 556 3011 θεται
574 2945 669 3011 όίδιόν
687 2972 719 3010 τε
741 2975 790 3010 και
782 2947 950 3028 άγένητον
970 2959 1020 3013 καί
1038 2956 1219 3029 σφαιροειδές
1242 2950 1307 3015 οὐδὲ
1329 2948 1417 3021 αὐτὸς
1440 2951 1634 3029 ἐκφεῦγων
1605 2974 1656 3019 την
1673 2958 1734 3012 τιῦν

473 3041 590 3096 πολλῶν
607 3036 694 3105 δόξαν
710 3041 769 3111 πῦρ
781 3036 875 3110 λέγων
891 3043 941 3096 καί
957 3043 1010 3112 γῆν
1028 3035 1080 3107 τόις
1097 3045 1151 3099 τοῦ
1162 3039 1275 3107 παντός
1286 3033 1388 3112 άρχάς,
1405 3036 1457 3111 τὴν
1473 3039 1573 3109 μὲν
1538 3059 1591 3111 γην
1607 3034 1647 3105 ὦς
1663 3029 1734 3111 όλην

473 3120 508 3181 τό
527 3123 558 3180 66
575 3126 633 3196 πῦρ
651 3116 691 3190 ὡς
708 3119 869 3180 αἴτιονκαὶ
887 3128 1000 3183 ποιοῦν.
1036 3124 1091 3182 τόν
1107 3122 1222 3196 κόσμον
1240 3121 1294 3199 ἐφη
1307 3127 1492 3194 φθείρεσθαι,
1510 3115 1545 3181 ὧι
1562 3125 1593 3183 66
1610 3119 1734 3196 τρόπων,

475 3200 528 3267 οῦκ
540 3201 628 3265 είπεν.
656 3201 775 3274 όαότός
792 3207 823 3264 66
839 3202 964 3266 είπεν’ί
931 3231 950 3267 α
953 3211 1028 3268 ίδιον
1040 3206 1114 3269 εἶναι
1131 3210 1166 3268 τό
1185 3215 1245 3269 πᾶν
1261 3212 1313 3268 καί
1330 3201 1364 3267 οῦ
1376 3209 1535 3282 γενόμενον
1550 3213 1600 3266 καί
1612 3228 1733 3278 σφαιρο-
1770 3219 1785 3268 2

475 3281 636 3358 ειίὲςκαί”
618 3312 731 3361 ομοιον,
750 3287 803 3349 οῦκ
820 3287 936 3364 έχονδὲ
948 3292 1211 3363 τόπονένέαυτιῦι,
1229 3289 1427 3368 καίάκίνητον
1443 3294 1733 3366 καίπεπερασμένον

577 3399 619 3449 24.
635 3395 771 3450 Amswr.
783 3394 903 3464 Metaph.
920 3396 988 3452 A5.
1006 3398 1071 3453 986¹>
1085 3401 1116 3453 18
1136 3402 1171 3455 Π.
1188 3393 1284 3467 μέν
1253 3419 1310 3470 γαρ
1327 3393 1403 3455 έοικε
1421 3417 1472 3454 του
1484 3418 1558 3454 κατα
1577 3417 1631 3453 τον
1643 3392 1734 3469 λογον

475 3477 542 3545 ένός
567 3469 714 3537 άπτεσθαι
739 3484 800 3536 κτλ.
827 3480 861 3535 of
879 3497 907 3549 p
919 3485 952 3535 30
970 3499 997 3536 n
1011 3487 1052 3537 30.
1087 3489 1146 3536 tum
1163 3482 1210 3537 ι>2ί
1234 3487 1265 3540 Π.
1287 3482 1317 3539 δέ
1339 3486 1450 3551 μᾶλλον
1471 3482 1524 3556 βλ
1524 3503 1589 3540 πων
1607 3481 1735 3555 [βλέπων

476 3581 531 3622 om.
549 3567 614 3621 Eet
631 3564 726 3633 Simpl.
745 3564 772 3619 d.
790 3564 855 3620 cael.
875 3570 933 3633 560,
951 3562 1012 3631 θ]”
996 3567 1073 3624 εοικέ
1091 3587 1148 3624 που
1165 3570 1265 3640 λέγειν
1301 3563 1381 3641 παρὰ
1398 3567 1456 3640 γάρ
1474 3566 1508 3624 τό
1529 3563 1565 3624 όν
1586 3564 1621 3624 τὸ
1640 3563 1678 3638 μῆ
1698 3563 1735 3624 όν

475 3645 558 3707 οὐδέν
575 3643 662 3716 άξιων
680 3644 761 3717 εἶναι,
779 3643 839 3716 ἐξ
820 3669 948 3722 αναγκης
964 3647 1047 3709 ἓν
1018 3650 1111 3710 οίεται
1129 3647 1202 3710 εἶναι
1219 3650 1254 3711 τό
1275 3648 1311 3710 όν
1327 3656 1377 3710 καί
1389 3649 1459 3710 άλλο
1480 3645 1606 3710 οὐδέν..
1619 3644 1735 3724 .άναγ-

474 3723 638 3803 καζομενος
649 3726 677 3790 δ
689 3727 865 3792 άκολουθεῑν
877 3745 939 3802 τοῖς
950 3737 1137 3808 φαινομένοις
1148 3740 1197 3793 καί
1210 3758 1245 3795 το
1235 3734 1296 3794 66
1306 3738 1360 3808 μέν
1370 3733 1445 3796 κατὰ
1459 3733 1513 3795 τὸν
1525 3734 1624 3810 λόγον,
1642 3740 1735 3797 πλείω

475 3818 506 3875 66
521 3812 596 3874 κατόι
616 3816 669 3887 τὴν
691 3815 825 3890 αισθησιν
841 3814 1103 3894 ῦπολαμβάνωνί
1076 3841 1157 3888 εναι,
1180 3821 1229 3878 δύο
1249 3820 1301 3889 τὰς
1319 3823 1414 3891 αἰτίας
1437 3818 1553 3880 καὶδύο
1572 3819 1624 3890 τὰς
1642 3818 1736 3896 άρχόις

475 3900 562 3961 πάλιν
579 3904 684 3974 τίθησι,
702 3903 817 3977 θερμόν
833 3907 882 3961 καί
900 3900 1023 4005 ψυχρόν,
1042 3900 1107 3964 οῖον
1130 3911 1187 3982 πῦρ
1205 3911 1254 3965 καί
1271 3912 1324 4012 γῆν
1345 3908 1446 3980 λέγων.
1482 3899 1595 3966 τοότων
1612 3907 1642 3966 66
1659 3904 1735 3966 κατά

475 3982 571 4058 μὲν
539 4008 574 4045 το
592 3983 627 4044 όν
644 3985 678 4045 τὸ
698 3986 812 4062 θερμον
823 4010 919 4047 ταττει
932 3986 1061 4064 θατερον
1079 3993 1108 4048 δε
1120 4013 1194 4050 κατα
1213 3992 1248 4050 τό
1267 3993 1305 4065 μῆ
1327 3990 1363 4051 όν
1380 3993 1423 4059 [ef.
1435 3993 1519 4049 Alex.
1531 3992 1588 4048 h.l.
1606 3998 1688 4063 p.,45
1701 3997 1736 4059 21.

578 4094 620 4144 25.
637 4090 715 4145 Imm
733 4090 768 4145 de
785 4091 862 4146 eaelo
880 4093 936 4147 Pl.
954 4093 1022 4147 2981’
1034 4097 1066 4148 14
1090 4114 1118 4150 οι
1109 4090 1236 4164 μέν
1205 4115 1263 4166 γαρ
1281 4088 1378 4153 αὐτῶν
1396 4085 1472 4162 όλως
1490 4090 1606 4153 οἷνεῑλον
1623 4097 1737 4169 γένεσιν

475 4175 527 4232 καί
543 4172 676 4246 φθοράν·
702 4168 790 4233 οόθέν
811 4176 870 4249 γάρ
894 4175 961 4235 οὔτε
982 4180 1137 4282 γίγνεσθαί
1158 4199 1247 4249 φασιν
1274 4176 1342 4238 οότε
1359 4182 1536 4254 φθείρεσθαι
1554 4201 1613 4238 των
1632 4177 1738 4248 όντων,

475 4252 548 4318 άλίοὶ
566 4257 663 4329 μόνον
680 4256 807 4319 δοκεῖν“
793 4271 860 4335 ημῖν
879 4255 944 4318 οἷον
962 4261 990 4318 οί
1008 4267 1074 4334 περὶ
1088 4261 1238 4322 Μέλισσόν
1256 4286 1287 4322 τε
1304 4269 1354 4322 καί
1370 4268 1558 4337 Παρμενίδην,
1577 4259 1627 4331 οῦς
1644 4267 1672 4323 εἰ
1687 4270 1738 4323 καί

476 4334 566 4401 τάλλα
584 4345 698 4418 λέγουσι
720 4351 824 4417 καλῶς,
848 4341 916 4406 άλλ’
935 4339 969 4404 οό
974 4353 1120 4448 φυσικῶς
1141 4370 1175 4422 γε
1198 4354 1241 4407 δεῖ
1262 4352 1380 4419 νομίσαι
1403 4350 1509 4423 λέγειν
1533 4346 1568 4407 τὸ
1588 4346 1645 4423 γὰρ
1664 4347 1738 4411 εἶναι

475 4426 549 4487 άττα
567 4451 627 4488 των
640 4429 743 4501 όντων,
761 4427 886 4505 άγένητσ
903 4436 952 4487 καί
971 4421 1048 4498 όλως
1060 4427 1181 4506 άκίνητα
1193 4428 1305 4505 μᾶλλόν
1322 4433 1401 4493 ἐστιν
1413 4434 1514 4508 ἑτέρας
1530 4456 1567 4492 κα
1568 4436 1738 4509 ίπροτέρας

475 4509 494 4584 ῆ
516 4517 567 4585 τῆς
587 4522 708 4590 φυσικῆς
733 4519 873 4591 σκέψεως.
910 4516 945 4571 de
962 4533 1025 4587 gen.
1044 4524 1073 4573 et
1090 4536 1157 4575 corr.
1176 4522 1276 4590 A8p.
1289 4524 1352 4574 325
1363 4526 1394 4575 13
1419 4519 1453 4578 ἐκ
1473 4521 1527 4590 μὲν
1550 4511 1602 4578 οῦν
1624 4523 1739 4580 τούτων

476 4618 537 4654 των
553 4597 650 4671 λόγων
666 4596 847 4677 ῦπερβάντες
865 4602 918 4674 τῆν
930 4599 1064 4673 αἴσθησιν
1080 4624 1129 4660 και
1122 4602 1314 4678 παριδόντες
1331 4598 1421 4678 αότην
1439 4601 1478 4672 ιῦς
1496 4609 1549 4663 τῶι
1547 4601 1653 4706 λόγωι
1671 4607 1739 4665 δέον

478 4674 653 4742 άκολουθεῖν
669 4682 761 4743 ἐνί
711 4708 749 4743 κα
750 4682 912 4760 ίάκίνητον
929 4683 964 4746 τὸ
979 4692 1039 4746 πᾶν
1052 4683 1126 4745 εἶναί
1138 4709 1209 4760 φασι
1224 4685 1305 4746 καί”
1285 4710 1408 4762 απειρον
1421 4686 1505 4746 ἐνιοι
1523 4685 1628 4763 τὸγὰρ
1647 4691 1739 4764 πέρας
