4117 5617
397 545 459 606 132
881 549 905 599 5.
922 541 1165 599 munuum

397 713 506 791 ὄρεξιν·
532 709 573 782 ῶς
589 707 639 772 ἐπ’
657 707 824 787 ἄνθρῶπων
848 707 886 771 'm
903 711 1036 786 ἐποίησε·
1051 707 1133 769 ιτῶι
1145 712 1337 784 -μίσγων,
1423 709 1574 766 AmusV
1588 713 1657 776 1⁹,5

400 802 434 868 [Δ
446 805 479 855 72
490 818 518 871 p.
531 805 573 867 95,
584 804 628 866 44]
641 808 704 866 τοῖς
714 799 767 869 μέν
778 801 978 871 πυκνωθείσης
986 802 1036 869 τῆς
1046 801 1158 870 τροφῆς
1170 796 1232 864 [hoe
1242 797 1367 867 sequitur
1377 795 1451 851 Plau
1461 794 1480 850 l
1492 811 1517 850 α
1529 798 1580 850 917
1589 794 1658 861 Βο],

396 894 459 951 τοῖς
476 886 506 943 δὲ
523 889 573 942 καί
590 888 649 957 τῆς
667 877 866 957 εὐμορφίας
882 887 951 940 τῶν
967 886 1146 956 γυναικῶν
1167 876 1364 955 ἐπερεθισμὸν
1384 883 1439 938 τοῦ
1456 884 1657 953 σπερματικοῦ

399 965 556 1042 κινήματος
571 965 766 1042 ἐμποιησάσης

551 1080 616 1136 τῶι
643 1065 676 1136 δ’
702 1074 761 1136 ἐπί
783 1073 841 1135 καί
862 1072 987 1148 Πόθος
1010 1070 1080 1134 εἶσι
1103 1064 1152 1134 δι’
1178 1073 1283 1154 ὄψιος
1305 1074 1444 1151 ἅμματα
1465 1075 1601 1157 μίσγων

500 1189 553 1243 τῶι
565 1186 595 1243 δέ
607 1207 635 1244 τι
644 1191 693 1245 καί
705 1180 802 1253 πόθος
820 1185 878 1244 εἴτε
889 1186 975 1241 Plut.:
993 1201 1062 1241 eurr.
1075 1185 1195 1242 Karsten
1242 1179 1280 1242 δι’
1293 1181 1381 1258 ὄψιος
1392 1186 1595 1259 Wyttenbeeh:
1612 1185 1656 1245 διά

399 1271 516 1344 πέψεως
532 1272 604 1327 Plut.
656 1262 775 1342 ἄμματα
791 1272 904 1343 μίσγον
926 1270 1049 1341 explevi:
1068 1264 1219 1343 ἄμμίσγων
1236 1270 1320 1338 Plut.;
1342 1263 1462 1342 άμματα
1478 1272 1547 1339 (soil
1565 1269 1655 1342 δεσμά

399 1353 503 1431 γάμου)
519 1359 633 1429 μίσγον
650 1356 685 1413 cf.
696 1356 776 1412 Pinu
788 1355 871 1428 Pyth.
882 1361 907 1426 4,
920 1360 970 1411 223

807 1480 841 1531 66
859 1479 926 1541 [269.
939 1478 989 1530 260
998 1474 1044 1540 K,
1061 1479 1121 1530 273.
1133 1478 1184 1529 274
1194 1472 1244 1538 St]

501 1562 603 1617 Amen.
615 1562 651 1617 de
661 1577 725 1632 gen.
736 1562 819 1616 anim.
830 1558 869 1616 Α.
883 1565 923 1618 17.
935 1565 998 1616 723·
1007 1565 1041 1615 23
1059 1557 1085 1618 εἰ
1103 1554 1138 1617 τό
1149 1563 1223 1632 θῆλυ
1238 1562 1288 1617 καί
1304 1557 1340 1617 τό
1352 1556 1444 1634 ἄρρεν
1459 1557 1493 1618 ἐν
1504 1564 1549 1630 τῆι
1560 1555 1656 1630 κυήσει

402 1647 529 1719 διαφέρει
550 1646 688 1720 καθάπερ
711 1639 746 1702 Ἐ.
765 1646 840 1719 λέγει
858 1640 913 1702 ζἐν
925 1676 958 1685 -
970 1638 1206 1703 άντιάσαντα’
1224 1644 1352 1710 [Pauor.
1370 1646 1526 1712 (Humum)
1543 1645 1582 1700 nd
1597 1644 1656 1699 h.l.

400 1730 421 1785 f.
434 1734 477 1786 17¹
492 1734 556 1797 (see
568 1730 630 1787 ced.
641 1730 727 1786 Paris.
741 1734 817 1797 1921)
836 1722 882 1788 ότι
891 1730 945 1800 μέν
957 1720 1008 1788 οόν
1027 1727 1063 1789 τά
1076 1725 1183 1800 αἵματα
1195 1727 1227 1797 ἐξ
1242 1719 1285 1787 τόν
1300 1733 1410 1805 γίνεται
1427 1727 1465 1788 τά
1476 1726 1591 1804 ἄρρενα
1603 1733 1657 1786 δια-

400 1815 482 1888 φέρει
498 1812 531 1873 ἐν
548 1818 593 1886 τῆι
603 1807 711 1886 κινήσει
729 1816 789 1872 τῶν
801 1813 932 1885 αἱμάτων
948 1814 980 1884 ἐξ
995 1805 1039 1872 ῶν
1050 1816 1162 1889 γίνεται
1179 1811 1216 1873 τά
1231 1811 1334 1886 θήλεα,
1351 1810 1531 1886 τεθεώρηται
1542 1813 1656 1881 ἱκανῶς.

400 1896 643 1971 καθαρώτερα
660 1897 718 1973 γὰρ
734 1904 784 1958 καί
796 1896 972 1971 θερμότερα,
989 1892 1045 1972 άφ’
1062 1890 1105 1957 ῶν
1120 1897 1158 1961 τά
1176 1896 1286 1971 ἄρρενα
1304 1902 1423 1970 γίνεται,
1441 1897 1613 1973 ψυχρότερα
1630 1899 1658 1957 δέ

401 1983 437 2044 τά
454 1978 497 2057 άφ
522 1975 563 2042 ῶν
580 1981 617 2043 τά
628 1982 727 2057 θήλεα.
762 1985 839 2058 λέγει
856 1987 886 2044 δέ
902 1990 952 2043 καί
963 1990 1051 2044 τοῦτο
1068 1978 1114 2054 Ἐ,
1131 1979 1253 2057 ἄσαφῶς
1269 1985 1300 2043 δέ
1311 1985 1422 2043 τέθεικε
1440 1985 1476 2043 τά
1494 1988 1549 2042 τοῦ
1559 1978 1657 2054 Ἐμπε-

402 2071 535 2137 δοκλέους
552 2065 596 2128 διά
614 2067 649 2127 τό
666 2068 704 2142 μή
725 2064 871 2143 ὁλόκληρα
883 2064 1056 2144 άπαγγεῑλαι
1073 2067 1109 2128 τά
1128 2065 1182 2140 ἐπη
1199 2070 1307 2135 [uuilfr.
1319 2074 1352 2125 63
1365 2075 1394 2126 et
1405 2074 1457 2137 65],
1473 2066 1548 2128 ἄλλά
1564 2066 1658 2139 μόνας

403 2154 499 2214 αὐτῶν
516 2151 568 2220 τὰς
579 2147 673 2227 ἄρχάς
688 2158 738 2212 καί
750 2153 856 2223 ταύτας
874 2148 927 2214 ούκ
939 2150 1000 2214 άπὸ
1018 2159 1078 2212 τῶν
1089 2153 1190 2227 ἐφεξῆς
1201 2147 1334 2227 άλλὴλοις
1346 2152 1441 2212 όντων
1453 2156 1569 2226 στίχων,
1587 2151 1657 2213 ἄλλά

402 2236 506 2315 πόρρω
529 2233 584 2297 ἄπ’
606 2233 736 2311 άλλήλων
759 2236 861 2298 όντων.
896 2246 946 2299 καί
969 2238 1005 2299 τό
1028 2240 1082 2310 μέν
1099 2237 1274 2313 δηλούμενον
1296 2237 1341 2299 διά
1364 2244 1417 2298 τοῦ
1430 2233 1486 2297 ιέν
1503 2233 1532 2296 δ’
1549 2234 1658 2311 ἐχύθη

402 2317 609 2399 καθαροῖσι’
626 2330 762 2383 τοιοῦτον
778 2321 815 2384 ἄν
833 2322 888 2398 εἴη·
906 2320 960 2383 ιτό
977 2326 1008 2384 δέ
1030 2323 1121 2399 ἄρρεν
1141 2326 1238 2398 χέεται
1259 2322 1325 2396 ἤτοι
1342 2327 1511 2383 συνίσταται
1529 2317 1592 2383 ἄπό
1608 2346 1657 2381 κα-

402 2410 582 2483 θαρωτέρων
598 2412 648 2466 καί
659 2410 848 2483 θερμοτέραν
860 2407 998 2481 αἱμάτων,
1016 2408 1053 2469 τά
1072 2411 1101 2469 δὲ
1122 2414 1183 2468 τῶν
1195 2407 1326 2480 αἱμάτων
1343 2410 1534 2468 τελέθουσι
1551 2414 1603 2469 καί
1619 2413 1657 2484 γί-

404 2515 504 2552 νονται
520 2503 652 2567 γυναῖκες
670 2489 840 2567 ψυχθένταἿ
909 2496 1011 2551 Amen.
1029 2495 1066 2551 de
1081 2511 1145 2565 gen.
1161 2511 1206 2550 un.
1222 2500 1244 2550 Δ
1261 2499 1284 2551 1.
1302 2499 1389 2550 764·1
1414 2491 1450 2552 τά
1472 2494 1527 2564 μέν
1544 2491 1603 2567 γάρ
1620 2495 1658 2561 είς

404 2577 515 2654 θερμόν
531 2576 658 2636 ἐλθόντα
671 2576 723 2652 τὴν
739 2575 864 2653 ὑστέραν
886 2577 996 2655 ἄρρενα
1014 2581 1150 2653 γίνεσθαί
1173 2598 1250 2652 φησι,
1268 2575 1304 2638 τά
1322 2574 1349 2637 δ’
1368 2575 1408 2645 είς
1425 2576 1543 2652 ψυχράν
1559 2576 1657 2651 θήλεα,

405 2668 454 2736 τῆς
471 2663 501 2722 δὲ
512 2659 694 2737 θερμότητος
704 2668 754 2722 καί
766 2669 816 2736 τῆς
830 2664 1013 2739 ψυχρότητος
1030 2663 1082 2736 τὴν
1099 2668 1159 2722 τῶν
1170 2667 1355 2737 καταμηνίων
1372 2665 1469 2722 αἰτίαν
1486 2659 1561 2722 εἶναι
1579 2663 1658 2738 ῥύσιν

405 2745 423 2805 ἄ
441 2748 625 2822 ψυχροτέραν
642 2741 734 2807 οὖσαν
751 2746 768 2821 ἢ
784 2751 970 2823 θερμοτέραν
986 2754 1036 2807 καί
1053 2746 1071 2823 ἢ
1088 2749 1285 2823 παλαιοτέραν
1301 2745 1319 2821 ἢ
1336 2750 1598 2823 προσφατωτέραν·

559 2859 594 2919 ἐν
618 2849 649 2920 ‹l'
674 2860 779 2943 ἐχύθη
802 2861 1004 2945 καθαροῖσι·
1028 2860 1070 2921 τὰ
1092 2861 1153 2937 μέν
1175 2855 1357 2922 τελέθουσι
1379 2863 1542 2940 γυναῖκες,

557 2962 685 3041 ψύχεος
707 2961 914 3023 ἀντιάσαντα
931 3009 938 3023 .
956 3010 963 3023 .
981 3009 987 3023 .

509 3079 523 3129 1
542 3078 699 3146 καθαροῖσι
716 3073 768 3129 As.
783 3073 913 3141 Michael3
936 3073 1059 3144 Scaliger
1079 3069 1238 3143 ταλάροισι,
1261 3072 1338 3146 Stum¹
1356 3077 1502 3143 θερμοῖσι,
1519 3072 1593 3128 Weil
1610 3093 1658 3129 κα-

406 3153 527 3229 μάραισι
544 3155 1072 3230 (potuitxuudpotucErotian.85,10).
1106 3158 1161 3214 fuit
1177 3174 1239 3214 eum
1256 3158 1286 3215 δὲ
1296 3149 1413 3230 χυθέντ’
1432 3153 1571 3232 ἄρθροισι
1589 3159 1659 3214 eoni-

408 3259 503 3299 cerem.
536 3260 610 3298 nune
630 3244 789 3314 intellegere
811 3243 878 3299 mihi
899 3243 997 3300 videor
1023 3244 1163 3310 (Michaele
1185 3243 1288 3299 scilieet
1309 3249 1341 3298 ut
1363 3243 1409 3312 qui
1432 3242 1491 3298 eine
1513 3242 1660 3313 exemplun'

407 3333 526 3397 nugetur
541 3328 677 3398 neglectu)
695 3334 854 3398 καθαροῖσι
870 3328 1006 3399 pertinere
1028 3329 1065 3385 ad
1082 3325 1256 3403 καθάρσεως
1281 3333 1458 3393 momentum,
1481 3327 1517 3383 de
1536 3343 1593 3398 que
1610 3328 1659 3383 Ar.

409 3417 459 3468 764
477 3413 505 3478 (l.
517 3429 539 3468 α
557 3416 648 3482 supra)
667 3419 696 3468 et
713 3413 808 3469 Sorun.
825 3431 852 3484 p.
866 3418 923 3481 185,
935 3417 977 3469 22.
1013 3430 1123 3470 senene:
1146 3411 1182 3472 τά
1200 3417 1254 3471 τοῦ
1271 3406 1378 3483 άνδρός
1393 3415 1442 3469 καί
1459 3415 1510 3484 τῆς
1527 3409 1660 3484 γυναικός

408 3496 560 3569 σπέρματα
575 3507 669 3569 χεῖται
687 3496 727 3562 εἰς
744 3493 780 3554 τά
797 3499 1002 3570 κεκαθαρμένα
1020 3502 1066 3570 τῆι
1083 3502 1143 3556 τῶν
1163 3499 1349 3570 καταμηνίων
1372 3495 1452 3571 ῥύσει
1473 3502 1524 3570 τῆς
1541 3491 1661 3570 ὑστέρας

408 3576 492 3640 κάκεῖ
508 3579 543 3640 τά
566 3581 620 3652 μὲν
640 3584 789 3654 γίγνονται
815 3593 947 3655 γυναῖκες
967 3579 1118 3657 ιψύχεος
1143 3577 1378 3650 άντιάσαντα,
1404 3579 1445 3642 τά
1464 3576 1492 3639 δ’
1511 3579 1661 3653 ἔμπαλιν

409 3663 543 3739 ἄρρενα
561 3660 717 3739 θερμοῦ’,
733 3676 766 3723 ut
782 3673 839 3723 αῖ
858 3669 1042 3738 suppleverlm

880 3791 913 3841 66
1039 3827 1045 3842 .

513 3870 615 3927 Senon
627 3870 664 3926 ed
675 3871 740 3927 Eur.
751 3871 856 3928 Phoen
870 3876 901 3928 18
916 3787 1211 3944 εῗᾶῙσᾶεἱρέγέέᾶνῗέν
1222 3863 1342 3931 άλοκα’;
1358 3864 1395 3928 ’ll
1414 3865 1430 3928 ό
1444 3867 1565 3944 φυσικός
1582 3865 1661 3943 άλλη

410 3959 509 4028 γορῶν
520 3976 589 4028 φησι
602 3950 785 4027 ισχιστοὺς
796 3961 971 4028 λειμῶνας
982 3951 1209 4030 Ἀφροδίτης’,
1226 3955 1259 4015 ἐν
1271 3951 1315 4024 οἱς
1332 3952 1348 4029 ἦ
1361 3960 1420 4014 τῶν
1431 3958 1543 4014 παίδων
1554 3956 1661 4028 γένεσίς

410 4037 497 4097 ἐστιν.
531 4032 682 4114 Εὐριπίδης
698 4042 728 4100 δὲ
746 4036 852 4100 ταότόν
869 4040 976 4101 τούτωι
993 4039 1115 4116 φάσκων
1132 4040 1184 4117 τήν
1201 4063 1233 4101 τε
1250 4037 1366 4100 έννοιαν
1383 4039 1435 4114 τὴν
1453 4039 1577 4116 αίσχράν
1594 4035 1661 4100 ἄπέ·

410 4129 544 4229 φυγενκαὶ
554 4135 619 4269 toz
629 4120 771 4198 όνόμασιν
782 4128 901 4196 οἰκείοις
911 4124 1054 4202 ἐχράσατο
1066 4132 1115 4186 καί
1126 4137 1268 4199 τεχνικοῖς
1279 4136 1343 4194 ταῖς
1348 4135 1538 4199 μεταφοραῖς,
1550 4119 1662 4197 σπόρον

411 4214 460 4268 καί
477 4215 570 4269 αλοκα
619 4233 687 4285 γων.

513 4319 655 4385 λειμῶνας
670 4315 736 4370 AT:
754 4318 880 4386 λιμῶνας
896 4316 937 4370 M:
960 4315 1075 4384 λιμένας
1091 4316 1127 4383 Β;
1145 4315 1180 4372 cf.
1196 4315 1262 4371 Eur.
1280 4314 1355 4387 Gyel.
1373 4319 1431 4381 171,
1454 4314 1555 4370 Pollux
1566 4314 1595 4370 Π
1606 4317 1662 4369 114.

411 4414 508 4455 versun
524 4405 634 4470 poterut
649 4399 762 4457 formeri
778 4401 855 4457 talis:
873 4400 915 4467 εἰς
930 4397 1066 4473 σχιστούς
1082 4405 1224 4471 λειμῶνας
1239 4421 1380 4448 υυυυυ
1399 4392 1565 4471 Ἀφροδίτης

799 4542 831 4592 67
850 4541 996 4602 [262-264
1013 4538 1058 4606 K„
1076 4541 1211 4593 276-278
1230 4537 1279 4602 SR]

516 4625 582 4675 1-e
601 4619 1060 4693 Gnnnu.adHippoer.Ep.V148
1079 4623 1170 4690 [XVII
1180 4623 1210 4678 A
1227 4639 1255 4693 p.
1269 4625 1333 4677 1002
1346 4621 1391 4688 K]
1411 4616 1447 4678 τό
1459 4619 1560 4690 μέντοι
1577 4617 1663 4694 ἄρρεν

412 4701 445 4761 ἐν
461 4707 514 4761 τῶι
530 4707 621 4772 δεξιῶι
631 4705 712 4777 μέρει
729 4711 779 4778 τῆς
794 4704 906 4778 μήτρας
916 4706 1085 4766 κυΐσκεσθαι
1099 4710 1148 4765 καί
1160 4705 1243 4766 ἄλλοι
1259 4711 1318 4765 τῶν
1330 4701 1537 4764 παλαιοτάτων
1554 4699 1664 4776 άνδρῶν
