4117 5617
487 577 528 637 82
914 637 923 640 Α,
966 584 990 634 5.
1008 576 1251 634 EMPEDOCLES

486 753 635 814 τείνουσι
665 749 935 830 πεντακισχίλια,
969 754 988 813 δ
1016 748 1053 814 δέ
1080 722 1240 836 Ἰατρικὸς
1270 750 1368 834 λόγος
1397 757 1446 829 είς
1475 756 1541 837 ἐπη
1570 750 1743 830 ἑξακόσια.

486 855 567 933 περὶ
590 851 626 916 δὲ
649 861 715 916 τῶν
738 850 949 940 τραγωιδιῶν
971 855 1228 938 προειρήκαμεν.

589 1040 602 1090 1
621 1038 847 1108 πεντακισχίλια]
865 1033 961 1092 πάντα
979 1037 1123 1106 τρισχίλια
1140 1036 1273 1104 proposui
1290 1035 1364 1089 Berl.
1379 1034 1446 1090 Sita.
1460 1039 1535 1102 1898,
1552 1040 1602 1091 398
1620 1037 1655 1092 cf.
1673 1039 1704 1092 A
1717 1044 1743 1108 2,

437 1121 440 1127 ’
485 1123 518 1175 21
582 1125 597 1176 2
616 1116 839 1194 προειρήκαμεν]
857 1121 927 1189 558.

588 1377 611 1428 2.
631 1373 745 1429 SumAs.

566 1468 792 1566 Ἐμπεδοκλῆς
813 1481 989 1556 Μέτωνος,
1014 1482 1048 1542 οἱ
1071 1476 1107 1542 δέ
1127 1470 1326 1565 Ἀρχινόμου
1351 1474 1400 1563 [ex
1421 1476 1599 1564 Hesychi0]‚

488 1628 490 1632 -
572 1583 606 1643 οἱ
629 1573 662 1644 δ’
682 1574 880 1658 Ἐξαινέτου.
923 1583 981 1644 καί
1003 1577 1153 1666 ἀδελφὸν
1182 1583 1257 1661 ἐσχε
1280 1578 1553 1668 Καλλικρατίδην
1578 1576 1627 1665 [ex
1640 1582 1742 1646 Laeri.

487 1675 584 1763 εισι

449 1791 464 1840 5
571 1786 761 1869 ἠκροάσατο
792 1781 828 1847 δὲ
857 1787 995 1871 πρώτου
1024 1780 1253 1869 Παρμενίδου,
1283 1782 1425 1861 οὗτινος,
1456 1787 1502 1860 ὥς
1533 1803 1619 1870 φησι
1647 1787 1741 1873 Πορ-

487 1888 609 1971 φῦριος
637 1888 672 1947 ἐν
697 1884 901 1971 Φιλοσόφωι
931 1886 1093 1970 ἱστορίαι,
1123 1887 1252 1967 ἐγένετο
1284 1882 1437 1949 παιδικά.
1484 1889 1517 1948 οἱ
1547 1883 1583 1949 δὲ
1606 1890 1742 1974 ἐφασαν

483 1989 643 2073 μαθητήν
668 1986 870 2072 Τηλαύγους,
901 1997 963 2051 τοῦ
982 1989 1191 2073 Πυθαγόρου
1214 1989 1299 2064 υἱοῦ,
1329 1991 1387 2050 τδν
1404 1982 1629 2068 Ἐμπεδοκλέα
1652 1996 1741 2073 γενέ-

486 2091 574 2151 σθαι
598 2084 646 2172 [ex
660 2088 805 2170 Porphyr.
829 2089 911 2153 Hist.
926 2087 1035 2169 philos.
1057 2087 1130 2151 fr.8
1152 2083 1274 2171 Nauck]

566 2181 824 2276 Ἀκραγαντῖνος
839 2189 875 2254 δὲ
892 2190 1087 2278 φιλόσοφος
1103 2193 1247 2277 φυσικὸς
1265 2191 1322 2252 καί
1338 2193 1508 2266 ἐποποιός
1525 2186 1577 2274 [εκ
1591 2189 1739 2277 Hesych]

434 2300 462 2351 10
570 2292 669 2368 οὗτος
699 2283 960 2380 δἘμπεδοκλῆς
988 2298 1118 2372 στέμμα
1145 2296 1230 2371 ἔχων
1259 2293 1319 2354 ἐπί
1346 2301 1406 2379 τῆς
1427 2292 1576 2379 κεφαλῆς
1596 2304 1741 2379 χρυσοῦν

483 2395 540 2456 καί
564 2392 713 2473 άμύκλας
736 2398 770 2456 έν
792 2401 866 2470 τοῖς
888 2397 974 2458 ποσὶ
994 2393 1120 2473 χαλκοῖς
1150 2396 1208 2456 καί
1232 2399 1405 2473 στέμματα
1428 2393 1582 2480 Δελφικὰ
1607 2401 1641 2460 έν
1663 2405 1741 2474 ταῖς

482 2497 597 2580 χερσίν
620 2498 735 2581 έπήιει
762 2498 824 2571 τάς
851 2494 980 2574 πόλεις,
1012 2493 1114 2572 δόξαν
1144 2498 1225 2582 περὶ
1253 2498 1358 2558 αὑτοῦ
1382 2503 1561 2576 κατασχεῖν
1591 2501 1638 2574 ὡς
1659 2502 1741 2586 περὶ

485 2598 573 2659 θεοῦ
604 2596 818 2679 βουλόμενος.
863 2595 983 2684 ἐπειδή
1019 2594 1055 2660 δὲ
1088 2600 1230 2684 γηραιὸς
1263 2599 1403 2681 ἐγένετο,
1437 2602 1564 2684 νύκτωρ
1599 2602 1740 2687 ἔρριψεν

485 2702 604 2761 ἑαυτὸν
627 2702 677 2775 εἰς
691 2707 839 2784 κρατῆρα
862 2703 981 2785 πυρός,
1005 2701 1092 2761 ὥστε
1115 2701 1159 2785 μή
1178 2707 1326 2784 φανῆναι
1350 2703 1455 2762 αὐτοῦ
1474 2703 1512 2761 τδ
1538 2709 1645 2780 σῶμα.
1683 2706 1741 2766 καί

434 2808 463 2858 15
486 2803 593 2876 οὕτως
608 2799 765 2864 ἀπώλετο
788 2810 851 2864 τοῦ
865 2799 1048 2865 σανδαλίου
1072 2804 1177 2863 αὐτοῦ
1191 2802 1439 2887 ἐκβρασθέντας
1461 2803 1530 2864 ῦπδ
1546 2813 1608 2866 τοῦ
1621 2809 1739 2890 πυρός.

484 2902 658 2988 ἐπεκλήθη
682 2900 718 2966 δὲ
740 2906 797 2966 καί
817 2902 1068 2982 Κωλυσανέμας
1091 2899 1147 2965 διά
1170 2905 1208 2965 τδ
1233 2904 1356 2982 ἀνέμου
1379 2901 1512 2966 πολλοῦ
1531 2908 1740 2986 ἐπιθεμένου

485 3013 540 3091 τῆι
559 2998 759 3090 Ἀκράγαντι
781 3002 940 3082 ἐξελάσαι
968 3007 1069 3067 αῦτδν
1097 3002 1201 3090 δοράς
1228 3007 1314 3067 ὄνων
1342 3007 1531 3090 περιθέντα
1560 3015 1617 3093 τῆι
1639 3008 1742 3073 πόλει

487 3100 536 3189 [ex
550 3104 661 3186 Porph.
683 3105 722 3170 cf.
736 3106 768 3168 A
785 3103 848 3191 16].

570 3213 682 3291 γέγονε
707 3190 746 3271 δὲι
765 3213 885 3272 τούτου
907 3210 1068 3294 μαθητής
1089 3209 1236 3292 Γοργίας
1260 3208 1278 3267 δ
1300 3208 1412 3293 ῥήτωρ
1437 3210 1455 3269 δ
1477 3213 1669 3286 Λεοντῖνος
1693 3206 1742 3294 [ex

432 3317 463 3367 νο
484 3308 583 3373 Laert.
607 3304 705 3393 §53].
1798 3380 1801 3385 ,

571 3413 627 3473 καί
650 3414 780 3497 ἔγραψε
804 3403 851 3475 δι’
877 3416 971 3474 ἐπῶν
993 3412 1083 3497 Περί
1111 3413 1248 3497 φάσεως
1269 3417 1336 3471 τῶν
1361 3412 1466 3473 ὄντων
1488 3410 1604 3494 βιβλία
1626 3397 1662 3496 β
1684 3416 1742 3477 καί

485 3517 578 3577 ἐστιν
600 3517 667 3597 ἐπη
702 3516 748 3588 ὡς
777 3510 949 3593 δισχίλια),
979 3503 1124 3598 Ἰατρικὰ
1158 3507 1390 3595 καταλογάδην
1419 3514 1476 3575 καί
1508 3513 1594 3576 ἄλλα
1627 3513 1741 3578 πολλά

487 3609 536 3698 [ex
557 3609 655 3697 Hes.].

538 3852 565 3861 -
589 3785 604 3833 5
623 3775 747 3860 παι-δικά]
766 3779 890 3835 Platonis
907 3778 997 3834 Pann.
1012 3779 1100 3834 127Α
1120 3784 1213 3847 [supra
1229 3794 1256 3847 p.
1269 3783 1310 3846 50,
1323 3782 1348 3842 6]
1367 3780 1528 3837 memon'm
1545 3781 1673 3837 confudit

485 3868 518 3919 20
535 3871 557 3939 β
574 3863 649 3919 libri:
667 3885 685 3936 γ
703 3862 829 3928 (fortasse
846 3879 880 3919 ex
891 3864 1006 3920 Ττοιτυε
1023 3863 1093 3920 Chii.
1106 3863 1160 3919 VH
1172 3867 1231 3930 522)
1250 3863 1340 3918 editor
1354 3865 1481 3934 princeps
1492 3864 1649 3921 Demetfius
1662 3865 1743 3922 Chal·

485 3948 617 4020 condyles
686 3953 717 4003 21
736 3940 856 4020 Ἰατρικά
869 3975 904 3995 =
915 3942 1054 4022 Ἰατρικὸς
1071 3944 1159 4022 λόγος
1175 3949 1266 4004 Laert.
1284 3950 1354 4018 577.

586 4141 611 4190 3.
628 4136 749 4191 Ρτιυιυε
762 4136 825 4190 Nat.
839 4136 904 4192 Hist
917 4137 1013 4191 XXIX
1025 4141 1048 4202 1,
1063 4141 1078 4191 5
1095 4136 1155 4190 alia
1171 4135 1256 4205 factio
1274 4136 1318 4203 (ab
1337 4134 1529 4205 ιαρινιικοκίῖο
1549 4137 1744 4207 οορνιονκῖιιαιιῖ

483 4220 638 4291 empiricen)
655 4220 743 4290 coepit
757 4219 789 4275 ίκ
806 4219 909 4288 Sicilia,
928 4221 1035 4276 Acrone
1054 4220 1246 4292 Αρναραιιίίκο
1266 4219 1442 4290 Empedoclis
1454 4220 1564 4292 physici
1581 4221 1743 4277 αυοίοιτίαιι

483 4305 677 4360 commendato.
714 4305 793 4361 Sum.
810 4323 831 4362 s.
844 4324 872 4361 v.
894 4303 1015 4378 Ἄκρων,
1037 4299 1259 4377 Ἀκραγαντῖνος
1278 4300 1341 4371 υίὸς
1359 4304 1492 4371 Ξένωνος
1510 4345 1517 4359 .
1536 4303 1743 4378 ἐσοφίστευσεν

483 4387 516 4446 έν
544 4399 608 4455 ταῖς
636 4382 764 4461 Ἀθήναις
792 4382 852 4461 ἅμα
878 4385 1069 4460 Ἐμπεδοκλεῖ.
1114 4384 1193 4447 ἐστιν
1223 4381 1274 4447 οὖν
1303 4387 1502 4463 πρεσβύτερος
1523 4385 1742 4462 Ἱπποκράτους.

483 4468 595 4547 ἔγραψε
614 4478 685 4550 Περὶ
702 4476 829 4547 ἰατρικῆς
846 4477 944 4547 δωρίδι
962 4475 1121 4545 διαλέκτωι,
1139 4477 1211 4549 Περί
1228 4478 1339 4550 τροφῆς
1349 4471 1484 4548 ὑγιεινῶν
1493 4478 1611 4549 βιβλίον
1622 4482 1650 4534 ά.
1681 4471 1742 4533 ἐστι

484 4559 584 4616 δὲκαὶ
610 4549 697 4625 οὗτος
723 4564 782 4617 τῶν
803 4580 867 4617 τινα
890 4556 1040 4629 πνεύματα
1064 4559 1314 4632 σημειωσαμένων.
1356 4560 1396 4627 είς
1419 4564 1526 4618 τοῦτον
1547 4560 1683 4634 ἐποίησεν
1703 4555 1741 4619 Ἑ.

483 4639 669 4700 τωθαστικὸν
687 4642 854 4716 ἐπίγραμμα
873 4645 997 4711 [1131571.
1033 4646 1121 4702 Ρισσ.
1139 4646 1175 4701 de
1186 4645 1222 4700 Is.
1233 4652 1261 4700 et
1273 4644 1318 4701 Os.
1331 4649 1363 4700 80
1386 4661 1413 4714 p.
1427 4645 1509 4700 3833
1525 4641 1652 4718 Ἄκρωνα
1670 4649 1743 4717 γοῦν

483 4721 538 4784 τὸν
555 4726 657 4797 ἰατρὸν
675 4725 707 4784 έν
724 4721 853 4800 Ἀθήναις
869 4723 927 4786 imi
945 4724 1000 4786 τὸν
1017 4729 1109 4801 μέγαν
1125 4727 1230 4799 λοιμδν
1247 4723 1430 4801 εὐδοκιμῆσαι
1448 4729 1561 4802 λέγουσι
1578 4735 1636 4804 πῦρ
1647 4729 1743 4790 κελεὺ·
