4117 5617
508 617 577 671 VIII
1033 617 1241 672 PRAEFATIO

509 775 741 835 controversiam
769 774 873 834 afferre
894 772 987 836 nolui.
1030 773 1118 836 immo
1141 795 1244 838 verum
1265 773 1337 834 mihi
1357 772 1627 853 impraesentiarum
1648 774 1764 837 videtur

504 875 673 956 fragmenta
694 875 804 956 dispari
824 876 922 956 potius
944 884 974 936 et
993 876 1147 956 incompto
1168 897 1257 958 quam
1271 876 1372 938 fucato
1388 896 1521 937 sermone
1535 876 1665 957 prodere,
1681 897 1764 957 prae·

506 979 605 1039 sertim
626 999 694 1040 oum
716 986 804 1039 testes
827 977 896 1039 inde
918 998 937 1039 a
957 978 1084 1039 Platone
1106 987 1136 1039 et
1156 978 1317 1041 Aristotele
1337 977 1443 1040 harum
1464 999 1560 1039 rerum
1582 980 1700 1039 minime
1715 1000 1764 1041 cu·

504 1081 596 1143 riosos
617 1080 709 1142 fuisse
736 1089 862 1144 constet.
907 1081 1005 1161 itaque
1026 1090 1062 1142 ut
1082 1081 1305 1162 investigatores
1328 1081 1505 1143 Homericae
1527 1081 1643 1143 dialecti
1665 1103 1765 1144 escen-

505 1184 580 1245 dant
600 1204 719 1245 necesse
741 1192 787 1244 est
808 1205 904 1264 usque
919 1183 957 1245 ad
979 1184 1081 1264 ipsam,
1103 1185 1128 1245 si
1142 1184 1229 1246 modo
1244 1184 1305 1245 fieri
1319 1193 1425 1266 potest,
1440 1193 1593 1265 poetarum
1607 1185 1764 1258 officinam,

505 1286 630 1348 editores
640 1271 740 1348 autem
750 1287 822 1347 citra
828 1284 1101 1347 Alexandrinorum
1113 1295 1237 1347 aetatem
1248 1287 1412 1348 necessario
1423 1287 1639 1360 contineantur,
1652 1288 1692 1348 ita
1701 1288 1765 1367 phi-

506 1387 698 1469 losophorum
713 1397 865 1469 poetarum
881 1408 975 1448 sermo
990 1388 1074 1450 varia
1088 1390 1206 1450 testium
1220 1388 1278 1450 fide
1292 1409 1327 1450 ac
1339 1387 1552 1450 consuetudine
1563 1389 1642 1451 varie
1653 1389 1764 1451 colora-

506 1500 555 1553 tus
577 1490 722 1552 mordicus
745 1489 892 1552 tenendus
909 1499 961 1564 est,
977 1500 1011 1551 ut
1025 1491 1228 1571 incorruptum
1243 1491 1473 1553 fundamentum
1487 1491 1528 1552 eis
1543 1492 1765 1572 quaestionibus

506 1594 702 1669 substruatur,
725 1614 801 1674 quae
826 1593 864 1654 de
884 1592 1059 1654 Eleatarum
1081 1603 1111 1655 et
1124 1593 1291 1656 Siculorum
1305 1595 1387 1676 poesi
1407 1595 1464 1655 iam
1478 1593 1569 1675 paulo
1584 1595 1765 1657 commodius

505 1706 536 1759 et
556 1697 661 1759 certius
684 1697 790 1777 opinor
811 1705 952 1777 poterunt
974 1697 1096 1760 institui.

591 1799 672 1881 quod
693 1821 803 1861 munus
825 1799 1020 1861 subeuntibus
1043 1800 1131 1861 etiam
1153 1800 1286 1861 Indicam
1307 1800 1520 1863 vocabulorum
1541 1800 1665 1880 plenum
1679 1800 1766 1862 desti-

506 1903 577 1967 navi
596 1902 630 1963 in
651 1901 708 1965 hac
735 1923 853 1984 quoque
880 1923 911 1963 re
933 1902 1063 1965 Kaibelii
1091 1902 1243 1983 exemplar
1271 1911 1401 1985 secutus,
1423 1904 1477 1964 etsi
1498 1904 1529 1962 in
1551 1911 1635 1964 tanto
1657 1903 1766 1965 malore

505 2007 591 2087 copia
610 2005 767 2069 verborum
793 2004 864 2065 mihi
891 2004 1028 2068 brevitati
1057 2004 1251 2067 studendum·
1266 2015 1336 2069 erat.
1379 2014 1533 2087 propterea
1554 2004 1765 2086 partIoularum

505 2108 685 2170 minutarum
707 2128 809 2169 omnes
837 2106 920 2168 sedes
949 2106 1078 2168 indicare
1100 2107 1258 2188 supersedi.
1301 2108 1388 2169 immo
1411 2127 1486 2188 quae
1507 2106 1608 2188 aliqua
1630 2107 1766 2170 observa·

506 2211 585 2273 tione
612 2209 704 2290 digna
730 2208 900 2272 viderentur
925 2208 1059 2283 exhibui,
1082 2219 1178 2271 cetera
1200 2208 1336 2290 vulgaria
1356 2210 1388 2270 ln
1410 2209 1525 2272 schedis
1547 2209 1663 2290 reliqui;
1685 2209 1767 2270 unde

507 2311 586 2374 solos
608 2332 747 2373 numeros
769 2310 951 2392 frequentiae
973 2312 1099 2392 apposui
1123 2311 1224 2374 addita
1244 2333 1336 2393 supra
1354 2332 1494 2375 versuum
1515 2311 1767 2392 uniuscuiusque

507 2424 611 2494 poetae
633 2434 761 2488 summa,
788 2423 823 2475 ut
837 2412 1021 2494 singulorum
1045 2415 1251 2496 proportiones
1268 2415 1367 2476 statim
1382 2423 1566 2496 apparerent.
1609 2413 1689 2495 quod
1704 2435 1767 2476 non

506 2518 571 2580 ideo
592 2517 660 2592 feci,
683 2517 753 2599 quia
773 2537 811 2578 ex
833 2516 895 2578 istis
919 2517 1159 2598 proportionIbns
1181 2517 1344 2580 secundum
1366 2537 1503 2579 arcanam
1524 2517 1767 2597 Neopythagore·

508 2642 592 2685 orum
613 2621 784 2694 doctrinam,
807 2641 897 2701 quam
918 2618 962 2680 illi
984 2619 1196 2701 stylometriam
1217 2630 1404 2702 nuncupant,
1427 2619 1606 2702 permultum
1621 2619 1692 2681 disci
1707 2641 1768 2682 ore·

507 2724 605 2785 derem
625 2722 734 2804 (neque
756 2722 831 2785 illud
860 2722 928 2783 inde
958 2723 1094 2784 extricari
1115 2744 1203 2804 posse
1224 2724 1341 2804 opinor,
1363 2722 1555 2804 Empedoclis
1576 2721 1706 2803 Physica
1727 2743 1767 2783 an

506 2826 658 2888 Lustralia
678 2827 777 2906 priora
798 2823 885 2905 sint),
913 2846 1016 2887 verum
1042 2846 1105 2889 non
1134 2825 1328 2888 iniucundum
1355 2836 1400 2888 est
1421 2827 1510 2902 scire,
1532 2835 1714 2908 quantopere
1735 2826 1767 2885 in

508 2929 633 3009 singulis
655 2927 806 3009 particulis
833 2927 1007 2990 adhibendis
1037 2930 1130 2991 variet
1157 2950 1239 2992 usus.
1282 2928 1324 2990 sic
1352 2932 1414 3016 γάρ
1436 2928 1611 3010 particulam
1633 2928 1671 2990 ab
1693 2928 1768 2989 anti·

508 3031 660 3113 quioribus
680 3031 783 3111 poetis,
805 3031 856 3110 qui
878 3031 1029 3111 propiores
1052 3040 1125 3092 sunt
1145 3031 1257 3093 ionicae
1271 3031 1486 3106 consuetudini,
1501 3030 1595 3093 multo
1610 3032 1702 3111 magis
1718 3030 1767 3091 ad·

507 3135 600 3196 amari
621 3132 778 3211 observavi
798 3153 888 3213 quam
910 3153 929 3193 a
949 3133 1171 3213 posterioribus.

593 3237 644 3299 sed
660 3235 731 3299 nolo
746 3236 777 3295 in
792 3234 913 3315 singula
925 3235 1110 3310 descendere,
1126 3256 1203 3317 quae
1218 3235 1335 3298 infinita
1350 3245 1428 3298 sunt.
1466 3234 1534 3298 vela
1548 3232 1766 3297 contrahenda:

507 3350 611 3422 portus
639 3340 731 3403 adest.
764 3360 843 3419 ‚ergo
872 3338 946 3400 nihil
975 3349 1124 3420 superest,
1151 3360 1241 3421 quam
1262 3348 1297 3401 ut
1324 3339 1462 3419 Corporis
1489 3336 1693 3416 gubernatori,
1716 3335 1767 3415 qui

507 3443 578 3505 hnic
603 3463 721 3524 quoque
742 3441 826 3503 alteri
847 3442 946 3503 cursui
967 3443 1029 3523 ipse
1050 3442 1190 3503 interesse
1211 3440 1306 3504 voluit
1327 3439 1443 3501 adiutor
1463 3437 1653 3520 peritissimus
1675 3438 1768 3498 moni-

507 3555 612 3626 torque
633 3543 833 3618 amioissimus,
854 3542 968 3606 debitas
989 3553 1087 3625 grates
1109 3564 1148 3604 ex
1169 3542 1260 3603 animi
1281 3541 1337 3602 mei
1359 3540 1507 3604 sententia
1529 3539 1653 3604 solvam.

593 3728 729 3793 Berolini
750 3731 796 3794 Id.
819 3731 886 3796 Oct.
908 3731 1031 3794 MOMJ.

1332 3915 1548 3977 Herculanus
1570 3914 1682 3976 Durus.
