<?xml version="1.0" encoding="UTF-8"?>
<!DOCTYPE html PUBLIC "-//W3C//DTD XHTML 1.0 Transitional//EN"
    "http://www.w3.org/TR/xhtml1/DTD/xhtml1-transitional.dtd">
<html xmlns="http://www.w3.org/1999/xhtml" xml:lang="en" lang="en">
 <head>
  <title>
</title>
<meta http-equiv="Content-Type" content="text/html;charset=utf-8" />
  <meta name='ocr-system' content='tesseract 3.04.00' />
  <meta name='ocr-capabilities' content='ocr_page ocr_carea ocr_par ocr_line ocrx_word'/>
</head>
<body>
  <div class='ocr_page' id='page_1' title='image "./poetarvmphiloso00dielgoog_0252.png"; bbox 0 0 4117 5617; ppageno 0'>
   <div class='ocr_carea' id='block_1_1' title="bbox 1010 570 1216 628">
    <p class='ocr_par' dir='ltr' id='par_1_1' title="bbox 1010 570 1216 628">
     <span class='ocr_line' id='line_1_1' title="bbox 1010 570 1216 628; baseline 0.01 -2"><span class='ocrx_word' id='word_1_1' title='bbox 1010 575 1049 626; x_wconf 88' lang='grc'><strong><em>10.</em></strong></span> <span class='ocrx_word' id='word_1_2' title='bbox 1068 570 1216 628; x_wconf 74' lang='grc' dir='ltr'><strong>ΟΒΑΊῈΒ</strong></span> 
     </span>
    </p>
   </div>
   <div class='ocr_carea' id='block_1_2' title="bbox 490 741 1750 1306">
    <p class='ocr_par' dir='ltr' id='par_1_2' title="bbox 490 741 1750 1306">
     <span class='ocr_line' id='line_1_2' title="bbox 1007 741 1226 806; baseline -0.005 -11"><span class='ocrx_word' id='word_1_3' title='bbox 1007 744 1038 795; x_wconf 78' lang='grc'><strong><em>15</em></strong></span> <span class='ocrx_word' id='word_1_4' title='bbox 1057 745 1099 806; x_wconf 80' lang='lat'><strong><em>[22</em></strong></span> <span class='ocrx_word' id='word_1_5' title='bbox 1111 741 1143 794; x_wconf 88' lang='grc' dir='ltr'><strong><em>Β.</em></strong></span> <span class='ocrx_word' id='word_1_6' title='bbox 1167 744 1180 794; x_wconf 91' lang='lat' dir='ltr'>l</span> <span class='ocrx_word' id='word_1_7' title='bbox 1192 741 1226 795; x_wconf 85' lang='grc' dir='ltr'><strong><em>Ν.</em></strong></span> 
     </span>
     <span class='ocr_line' id='line_1_3' title="bbox 600 744 1750 902; baseline 0.005 -21"><span class='ocrx_word' id='word_1_8' title='bbox 600 831 664 881; x_wconf 86' lang='grc'><strong><em>1-3</em></strong></span> <span class='ocrx_word' id='word_1_9' title='bbox 682 826 767 880; x_wconf 82' lang='grc' dir='ltr'><strong><em>Βιοο.</em></strong></span> <span class='ocrx_word' id='word_1_10' title='bbox 780 825 820 882; x_wconf 79' lang='lat' dir='ltr'><strong><em>Vl</em></strong></span> <span class='ocrx_word' id='word_1_11' title='bbox 838 829 871 880; x_wconf 83' lang='lat'><strong><em>98</em></strong></span> <span class='ocrx_word' id='word_1_12' title='bbox 892 823 957 892; x_wconf 89' lang='lat' dir='ltr'><strong><em>[Al</em></strong></span> <span class='ocrx_word' id='word_1_13' title='bbox 975 841 1003 895; x_wconf 87' lang='lat' dir='ltr'><strong><em>p.</em></strong></span> <span class='ocrx_word' id='word_1_14' title='bbox 1014 829 1075 892; x_wconf 90' lang='grc'><strong><em>211,</em></strong></span> <span class='ocrx_word' id='word_1_15' title='bbox 1087 829 1113 890; x_wconf 89' lang='grc'><strong><em>6]</em></strong></span> <span class='ocrx_word' id='word_1_16' title='bbox 1130 744 1259 897; x_wconf 55' lang='grc' dir='ltr'><strong><em>γ’έγραάε</em></strong></span> <span class='ocrx_word' id='word_1_17' title='bbox 1281 823 1395 892; x_wconf 68' lang='lat' dir='ltr'><strong><em>(Grates)</em></strong></span> <span class='ocrx_word' id='word_1_18' title='bbox 1417 830 1467 884; x_wconf 80' lang='grc' dir='ltr'><strong><em>καὶ</em></strong></span> <span class='ocrx_word' id='word_1_19' title='bbox 1483 829 1659 901; x_wconf 83' lang='grc' dir='ltr'><strong><em>τραχωιόίας</em></strong></span> <span class='ocrx_word' id='word_1_20' title='bbox 1676 823 1750 902; x_wconf 77' lang='grc' dir='ltr'><strong><em>ὕψη·</em></strong></span> 
     </span>
     <span class='ocr_line' id='line_1_4' title="bbox 490 903 1451 983; baseline 0.002 -16"><span class='ocrx_word' id='word_1_21' title='bbox 490 907 618 969; x_wconf 85' lang='grc' dir='ltr'><strong><em>λότατον</em></strong></span> <span class='ocrx_word' id='word_1_22' title='bbox 634 907 756 983; x_wconf 83' lang='grc' dir='ltr'><strong><em>ἐχούσας</em></strong></span> <span class='ocrx_word' id='word_1_23' title='bbox 774 912 950 981; x_wconf 80' lang='grc' dir='ltr'><strong><em>φιλοσοφίας</em></strong></span> <span class='ocrx_word' id='word_1_24' title='bbox 965 913 1137 983; x_wconf 79' lang='grc' dir='ltr'><strong><em>χαρακτῆρα</em></strong></span> <span class='ocrx_word' id='word_1_25' title='bbox 1156 903 1222 966; x_wconf 84' lang='grc' dir='ltr'><strong><em>οίόν</em></strong></span> <span class='ocrx_word' id='word_1_26' title='bbox 1239 908 1300 966; x_wconf 86' lang='grc' dir='ltr'><strong><em>ἐστι</em></strong></span> <span class='ocrx_word' id='word_1_27' title='bbox 1318 903 1451 968; x_wconf 84' lang='grc' dir='ltr'><strong><em>κάκεῖνο·</em></strong></span> 
     </span>
     <span class='ocr_line' id='line_1_5' title="bbox 640 1017 1439 1104; baseline 0 -24"><span class='ocrx_word' id='word_1_28' title='bbox 640 1021 703 1097; x_wconf 82' lang='grc' dir='ltr'><strong><em>Ιοὐχ</em></strong></span> <span class='ocrx_word' id='word_1_29' title='bbox 726 1017 776 1092; x_wconf 80' lang='grc' dir='ltr'><strong><em>εἷς</em></strong></span> <span class='ocrx_word' id='word_1_30' title='bbox 798 1020 912 1102; x_wconf 84' lang='grc' dir='ltr'><strong><em>πάτρα</em></strong></span> <span class='ocrx_word' id='word_1_31' title='bbox 935 1038 996 1096; x_wconf 88' lang='grc' dir='ltr'><strong><em>μοι</em></strong></span> <span class='ocrx_word' id='word_1_32' title='bbox 1019 1019 1157 1101; x_wconf 86' lang='grc' dir='ltr'><strong><em>πύργος,</em></strong></span> <span class='ocrx_word' id='word_1_33' title='bbox 1181 1018 1220 1079; x_wconf 82' lang='grc' dir='ltr'><strong><em>ου’</em></strong></span> <span class='ocrx_word' id='word_1_34' title='bbox 1242 1019 1304 1095; x_wconf 89' lang='grc' dir='ltr'><strong><em>μία</em></strong></span> <span class='ocrx_word' id='word_1_35' title='bbox 1331 1023 1439 1104; x_wconf 84' lang='grc' dir='ltr'><strong><em>στέγη,</em></strong></span> 
     </span>
     <span class='ocr_line' id='line_1_6' title="bbox 644 1114 1423 1206; baseline 0.003 -26"><span class='ocrx_word' id='word_1_36' title='bbox 644 1122 759 1206; x_wconf 88' lang='grc' dir='ltr'><strong><em>πάσης</em></strong></span> <span class='ocrx_word' id='word_1_37' title='bbox 782 1116 818 1182; x_wconf 79' lang='grc' dir='ltr'><strong><em>δέ</em></strong></span> <span class='ocrx_word' id='word_1_38' title='bbox 839 1125 960 1204; x_wconf 85' lang='grc' dir='ltr'><strong><em>χέρσου</em></strong></span> <span class='ocrx_word' id='word_1_39' title='bbox 982 1120 1039 1181; x_wconf 82' lang='grc' dir='ltr'><strong><em>καὶ</em></strong></span> <span class='ocrx_word' id='word_1_40' title='bbox 1063 1114 1216 1196; x_wconf 82' lang='grc' dir='ltr'><strong><em>πόλισμα</em></strong></span> <span class='ocrx_word' id='word_1_41' title='bbox 1239 1119 1296 1180; x_wconf 83' lang='grc' dir='ltr'><strong><em>καί</em></strong></span> <span class='ocrx_word' id='word_1_42' title='bbox 1318 1115 1423 1198; x_wconf 85' lang='grc' dir='ltr'><strong><em>ύύμος</em></strong></span> 
     </span>
     <span class='ocr_line' id='line_1_7' title="bbox 640 1217 1277 1306; baseline -0.002 -24"><span class='ocrx_word' id='word_1_43' title='bbox 640 1223 782 1301; x_wconf 83' lang='grc' dir='ltr'><strong><em>-ἐτοιμος</em></strong></span> <span class='ocrx_word' id='word_1_44' title='bbox 803 1225 884 1306; x_wconf 78' lang='grc' dir='ltr'><strong><em>ημῖν</em></strong></span> <span class='ocrx_word' id='word_1_45' title='bbox 906 1217 1151 1284; x_wconf 73' lang='grc' dir='ltr'><strong><em>ἐνδιαιτᾶσθαι</em></strong></span> <span class='ocrx_word' id='word_1_46' title='bbox 1172 1221 1277 1304; x_wconf 84' lang='grc' dir='ltr'><strong><em>πάρα.</em></strong></span> 
     </span>
    </p>
   </div>
   <div class='ocr_carea' id='block_1_3' title="bbox 491 1347 1751 1675">
    <p class='ocr_par' dir='ltr' id='par_1_3' title="bbox 491 1347 1751 1675">
     <span class='ocr_line' id='line_1_8' title="bbox 596 1347 1751 1424; baseline 0.001 -18"><span class='ocrx_word' id='word_1_47' title='bbox 596 1356 609 1406; x_wconf 90' lang='grc'><strong>1</strong></span> <span class='ocrx_word' id='word_1_48' title='bbox 627 1347 741 1424; x_wconf 89' lang='grc' dir='ltr'><strong><em>πάτρας</em></strong></span> <span class='ocrx_word' id='word_1_49' title='bbox 758 1351 832 1406; x_wconf 83' lang='lat' dir='ltr'>libri:</span> <span class='ocrx_word' id='word_1_50' title='bbox 857 1367 924 1407; x_wconf 80' lang='lat' dir='ltr'>corr.</span> <span class='ocrx_word' id='word_1_51' title='bbox 944 1350 1065 1407; x_wconf 79' lang='lat' dir='ltr'>Grotius.</span> <span class='ocrx_word' id='word_1_52' title='bbox 1101 1348 1217 1404; x_wconf 82' lang='lat' dir='ltr'><strong>deflexit</strong></span> <span class='ocrx_word' id='word_1_53' title='bbox 1234 1348 1329 1406; x_wconf 69' lang='lat' dir='ltr'><strong>Grates</strong></span> <span class='ocrx_word' id='word_1_54' title='bbox 1351 1352 1448 1422; x_wconf 78' lang='lat' dir='ltr'>tragici</span> <span class='ocrx_word' id='word_1_55' title='bbox 1469 1353 1660 1409; x_wconf 74' lang='lat' dir='ltr'>nesciocuius</span> <span class='ocrx_word' id='word_1_56' title='bbox 1678 1353 1751 1409; x_wconf 80' lang='lat' dir='ltr'>Hor-</span> 
     </span>
     <span class='ocr_line' id='line_1_9' title="bbox 491 1426 1751 1511; baseline 0.003 -19"><span class='ocrx_word' id='word_1_57' title='bbox 491 1436 587 1506; x_wconf 64' lang='lat' dir='ltr'>aulem,</span> <span class='ocrx_word' id='word_1_58' title='bbox 606 1437 683 1492; x_wconf 83' lang='lat' dir='ltr'>cuius</span> <span class='ocrx_word' id='word_1_59' title='bbox 701 1442 796 1492; x_wconf 80' lang='lat' dir='ltr'>extant</span> <span class='ocrx_word' id='word_1_60' title='bbox 812 1451 910 1491; x_wconf 79' lang='lat' dir='ltr'>versus</span> <span class='ocrx_word' id='word_1_61' title='bbox 927 1436 986 1490; x_wconf 71' lang='grc' dir='ltr'><strong><em>ΚΡ</em></strong></span> <span class='ocrx_word' id='word_1_62' title='bbox 998 1439 1048 1490; x_wconf 87' lang='grc'><strong><em>914</em></strong></span> <span class='ocrx_word' id='word_1_63' title='bbox 1066 1433 1124 1490; x_wconf 91' lang='lat' dir='ltr'><strong><em>Ad.</em></strong></span> <span class='ocrx_word' id='word_1_64' title='bbox 1137 1437 1186 1488; x_wconf 86' lang='lat'><strong><em>392</em></strong></span> <span class='ocrx_word' id='word_1_65' title='bbox 1205 1426 1329 1506; x_wconf 84' lang='grc' dir='ltr'><strong><em>Ἀργεῑος</em></strong></span> <span class='ocrx_word' id='word_1_66' title='bbox 1347 1431 1517 1509; x_wconf 82' lang='grc' dir='ltr'><strong><em>ἢθηβοιῖος·</em></strong></span> <span class='ocrx_word' id='word_1_67' title='bbox 1537 1431 1571 1495; x_wconf 86' lang='grc' dir='ltr'><strong><em>ού</em></strong></span> <span class='ocrx_word' id='word_1_68' title='bbox 1588 1436 1647 1511; x_wconf 83' lang='grc' dir='ltr'><strong><em>γάρ</em></strong></span> <span class='ocrx_word' id='word_1_69' title='bbox 1665 1434 1751 1510; x_wconf 75' lang='grc' dir='ltr'><strong><em>εέχο-</em></strong></span> 
     </span>
     <span class='ocr_line' id='line_1_10' title="bbox 491 1514 1751 1675; baseline 0.001 -98"><span class='ocrx_word' id='word_1_70' title='bbox 491 1542 543 1660; x_wconf 44' lang='lat' dir='ltr'><em>ff</em></span> <span class='ocrx_word' id='word_1_71' title='bbox 553 1514 741 1675; x_wconf 47' lang='grc' dir='ltr'><strong><em>δμγφὲΐιάῗορςὶ</em></strong></span> <span class='ocrx_word' id='word_1_72' title='bbox 752 1539 803 1588; x_wconf 89' lang='grc' dir='ltr'><strong><em>μοι</em></strong></span> <span class='ocrx_word' id='word_1_73' title='bbox 822 1518 932 1592; x_wconf 77' lang='grc' dir='ltr'><strong><em>πύργος</em></strong></span> <span class='ocrx_word' id='word_1_74' title='bbox 945 1515 1087 1592; x_wconf 81' lang='grc' dir='ltr'><strong><em>Ἑλλήνων</em></strong></span> <span class='ocrx_word' id='word_1_75' title='bbox 1104 1522 1217 1590; x_wconf 87' lang='grc' dir='ltr'><strong><em>πατρίς.</em></strong></span> <span class='ocrx_word' id='word_1_76' title='bbox 1235 1519 1269 1575; x_wconf 74' lang='lat' dir='ltr'><strong><em>ei.</em></strong></span> <span class='ocrx_word' id='word_1_77' title='bbox 1283 1520 1363 1576; x_wconf 82' lang='grc' dir='ltr'><strong><em>ΤοΙοε</em></strong></span> <span class='ocrx_word' id='word_1_78' title='bbox 1379 1522 1568 1593; x_wconf 82' lang='lat' dir='ltr'>p.20,1011.;</span> <span class='ocrx_word' id='word_1_79' title='bbox 1585 1522 1751 1579; x_wconf 82' lang='lat' dir='ltr'>Duemmler</span> 
     </span>
    </p>
   </div>
   <div class='ocr_carea' id='block_1_4' title="bbox 493 1776 1752 2444">
    <p class='ocr_par' dir='ltr' id='par_1_4' title="bbox 1048 1776 1195 1842">
     <span class='ocr_line' id='line_1_11' title="bbox 1048 1776 1195 1842; baseline 0 -12"><span class='ocrx_word' id='word_1_80' title='bbox 1048 1779 1080 1830; x_wconf 82' lang='lat'><strong><em>16</em></strong></span> <span class='ocrx_word' id='word_1_81' title='bbox 1098 1776 1195 1842; x_wconf 82' lang='lat' dir='ltr'><strong>[20B.]</strong></span> 
     </span>
    </p>

    <p class='ocr_par' dir='ltr' id='par_1_5' title="bbox 493 1811 1752 2444">
     <span class='ocr_line' id='line_1_12' title="bbox 598 1811 1752 1933; baseline 0.003 -17"><span class='ocrx_word' id='word_1_82' title='bbox 598 1865 621 1915; x_wconf 90' lang='lat'><strong><em>1.</em></strong></span> <span class='ocrx_word' id='word_1_83' title='bbox 634 1860 732 1916; x_wconf 77' lang='lat' dir='ltr'><strong>Sum.</strong></span> <span class='ocrx_word' id='word_1_84' title='bbox 744 1859 875 1929; x_wconf 68' lang='lat' dir='ltr'>inEpiet.</span> <span class='ocrx_word' id='word_1_85' title='bbox 887 1858 973 1915; x_wconf 78' lang='lat' dir='ltr'><strong>Eneh.</strong></span> <span class='ocrx_word' id='word_1_86' title='bbox 990 1876 1017 1929; x_wconf 91' lang='lat' dir='ltr'>p</span> <span class='ocrx_word' id='word_1_87' title='bbox 1030 1864 1063 1915; x_wconf 89' lang='grc'><strong><em>66</em></strong></span> <span class='ocrx_word' id='word_1_88' title='bbox 1080 1863 1130 1916; x_wconf 80' lang='grc' dir='ltr'><strong><em>καί</em></strong></span> <span class='ocrx_word' id='word_1_89' title='bbox 1142 1862 1209 1918; x_wconf 87' lang='grc' dir='ltr'><strong><em>πεν</em></strong></span> <span class='ocrx_word' id='word_1_90' title='bbox 1209 1881 1227 1916; x_wconf 92' lang='grc' dir='ltr'><strong><em>α</em></strong></span> <span class='ocrx_word' id='word_1_91' title='bbox 1198 1859 1279 1926; x_wconf 84' lang='grc' dir='ltr'><strong><em>ί,δέ</em></strong></span> <span class='ocrx_word' id='word_1_92' title='bbox 1297 1854 1408 1917; x_wconf 82' lang='grc' dir='ltr'><strong><em>εἴποι</em></strong></span> <span class='ocrx_word' id='word_1_93' title='bbox 1387 1880 1425 1917; x_wconf 87' lang='grc' dir='ltr'><strong><em>αν</em></strong></span> <span class='ocrx_word' id='word_1_94' title='bbox 1443 1853 1479 1917; x_wconf 79' lang='grc' dir='ltr'><strong><em>ύ’</em></strong></span> <span class='ocrx_word' id='word_1_95' title='bbox 1475 1811 1647 1933; x_wconf 78' lang='grc' dir='ltr'><strong><em>Επίιιτητος,</em></strong></span> <span class='ocrx_word' id='word_1_96' title='bbox 1666 1853 1752 1919; x_wconf 84' lang='grc' dir='ltr'><strong><em>ουύέν</em></strong></span> 
     </span>
     <span class='ocr_line' id='line_1_13' title="bbox 493 1938 1752 2019; baseline 0.001 -17"><span class='ocrx_word' id='word_1_97' title='bbox 493 1941 596 2002; x_wconf 80' lang='grc' dir='ltr'><strong><em>δεινόν.</em></strong></span> <span class='ocrx_word' id='word_1_98' title='bbox 631 1943 695 2002; x_wconf 85' lang='grc' dir='ltr'><strong><em>ἐπεί</em></strong></span> <span class='ocrx_word' id='word_1_99' title='bbox 684 1947 764 2001; x_wconf 83' lang='grc' dir='ltr'><strong><em>ίκοιὶ</em></strong></span> <span class='ocrx_word' id='word_1_100' title='bbox 783 1939 952 2016; x_wconf 82' lang='grc' dir='ltr'><strong><em>Κράτητι”</em></strong></span> <span class='ocrx_word' id='word_1_101' title='bbox 932 1966 970 2001; x_wconf 90' lang='grc' dir='ltr'><strong><em>αν</em></strong></span> <span class='ocrx_word' id='word_1_102' title='bbox 986 1941 1066 2013; x_wconf 83' lang='grc' dir='ltr'><strong><em>ἔδοξε</em></strong></span> <span class='ocrx_word' id='word_1_103' title='bbox 1088 1967 1141 2003; x_wconf 91' lang='grc' dir='ltr'><strong><em>τωι</em></strong></span> <span class='ocrx_word' id='word_1_104' title='bbox 1165 1947 1294 2019; x_wconf 85' lang='grc' dir='ltr'><strong><em>θηβαίωι</em></strong></span> <span class='ocrx_word' id='word_1_105' title='bbox 1316 1938 1418 2011; x_wconf 81' lang='grc' dir='ltr'><strong><em>δεινόν,</em></strong></span> <span class='ocrx_word' id='word_1_106' title='bbox 1444 1965 1476 2011; x_wconf 89' lang='grc' dir='ltr'><strong><em>ος</em></strong></span> <span class='ocrx_word' id='word_1_107' title='bbox 1499 1950 1558 2002; x_wconf 81' lang='grc' dir='ltr'><strong><em>τῶν</em></strong></span> <span class='ocrx_word' id='word_1_108' title='bbox 1581 1944 1688 2005; x_wconf 81' lang='grc' dir='ltr'><strong><em>ἑαυτοῦ</em></strong></span> <span class='ocrx_word' id='word_1_109' title='bbox 1706 1951 1752 2019; x_wconf 84' lang='grc' dir='ltr'><strong><em>τῆι</em></strong></span> 
     </span>
     <span class='ocr_line' id='line_1_14' title="bbox 494 2021 1739 2106; baseline 0.002 -19"><span class='ocrx_word' id='word_1_110' title='bbox 494 2024 577 2088; x_wconf 87' lang='grc' dir='ltr'><strong><em>πολει</em></strong></span> <span class='ocrx_word' id='word_1_111' title='bbox 589 2048 803 2103; x_wconf 88' lang='grc' dir='ltr'><strong><em>παραχωρησας</em></strong></span> <span class='ocrx_word' id='word_1_112' title='bbox 820 2051 869 2086; x_wconf 93' lang='grc' dir='ltr'><strong><em>και</em></strong></span> <span class='ocrx_word' id='word_1_113' title='bbox 861 2025 994 2086; x_wconf 87' lang='grc' dir='ltr'><strong><em>είπων</em></strong></span> <span class='ocrx_word' id='word_1_114' title='bbox 1004 2021 1323 2104; x_wconf 87' lang='grc' dir='ltr'><strong><em>ΚρατηςΚρατητα</em></strong></span> <span class='ocrx_word' id='word_1_115' title='bbox 1332 2041 1739 2106; x_wconf 87' lang='grc' dir='ltr'><strong><em>χρηματωναποστερει</em></strong></span> 
     </span>
     <span class='ocr_line' id='line_1_15' title="bbox 493 2108 1750 2191; baseline 0.001 -18"><span class='ocrx_word' id='word_1_116' title='bbox 493 2110 562 2173; x_wconf 87' lang='grc' dir='ltr'><strong><em>τότε</em></strong></span> <span class='ocrx_word' id='word_1_117' title='bbox 580 2111 676 2182; x_wconf 76' lang='grc' dir='ltr'><strong><em>ἔδοξεν</em></strong></span> <span class='ocrx_word' id='word_1_118' title='bbox 693 2112 919 2182; x_wconf 73' lang='grc' dir='ltr'><strong><em>ἐλευθεροῦσθαι</em></strong></span> <span class='ocrx_word' id='word_1_119' title='bbox 941 2118 991 2171; x_wconf 83' lang='grc' dir='ltr'><strong><em>καί</em></strong></span> <span class='ocrx_word' id='word_1_120' title='bbox 1008 2115 1154 2187; x_wconf 85' lang='grc' dir='ltr'><strong><em>στέφανον</em></strong></span> <span class='ocrx_word' id='word_1_121' title='bbox 1172 2111 1212 2181; x_wconf 79' lang='grc' dir='ltr'><strong><em>ὡς</em></strong></span> <span class='ocrx_word' id='word_1_122' title='bbox 1229 2112 1276 2172; x_wconf 81' lang='grc' dir='ltr'><strong><em>ἐπὶ</em></strong></span> <span class='ocrx_word' id='word_1_123' title='bbox 1298 2113 1459 2187; x_wconf 79' lang='grc' dir='ltr'><strong><em>ἐλεοθερίαι</em></strong></span> <span class='ocrx_word' id='word_1_124' title='bbox 1481 2108 1684 2191; x_wconf 70' lang='grc' dir='ltr'><strong><em>περιεβάλετο,</em></strong></span> <span class='ocrx_word' id='word_1_125' title='bbox 1705 2137 1750 2175; x_wconf 91' lang='grc' dir='ltr'><strong><em>οτι</em></strong></span> 
     </span>
     <span class='ocr_line' id='line_1_16' title="bbox 493 2192 1749 2276; baseline 0.002 -20"><span class='ocrx_word' id='word_1_126' title='bbox 493 2220 545 2271; x_wconf 86' lang='grc' dir='ltr'><strong><em>την</em></strong></span> <span class='ocrx_word' id='word_1_127' title='bbox 567 2200 671 2256; x_wconf 80' lang='grc' dir='ltr'><strong><em>πενίαν</em></strong></span> <span class='ocrx_word' id='word_1_128' title='bbox 693 2192 757 2256; x_wconf 84' lang='grc' dir='ltr'><strong><em>άντί</em></strong></span> <span class='ocrx_word' id='word_1_129' title='bbox 779 2204 828 2269; x_wconf 82' lang='grc' dir='ltr'><strong><em>τῆς</em></strong></span> <span class='ocrx_word' id='word_1_130' title='bbox 852 2193 992 2269; x_wconf 75' lang='grc' dir='ltr'><strong><em>εὐπορίας</em></strong></span> <span class='ocrx_word' id='word_1_131' title='bbox 1014 2196 1167 2270; x_wconf 82' lang='grc' dir='ltr'><strong><em>ηλλάξατο.</em></strong></span> <span class='ocrx_word' id='word_1_132' title='bbox 1207 2201 1305 2256; x_wconf 82' lang='lat' dir='ltr'>melius</span> <span class='ocrx_word' id='word_1_133' title='bbox 1328 2200 1434 2256; x_wconf 73' lang='lat' dir='ltr'><strong><em>Sume</em></strong></span> <span class='ocrx_word' id='word_1_134' title='bbox 1456 2219 1477 2256; x_wconf 84' lang='grc' dir='ltr'><strong><em>ε.</em></strong></span> <span class='ocrx_word' id='word_1_135' title='bbox 1494 2219 1522 2257; x_wconf 85' lang='lat' dir='ltr'><strong><em>v.</em></strong></span> <span class='ocrx_word' id='word_1_136' title='bbox 1542 2198 1657 2276; x_wconf 91' lang='grc' dir='ltr'><strong><em>Κράτης</em></strong></span> <span class='ocrx_word' id='word_1_137' title='bbox 1676 2202 1749 2268; x_wconf 89' lang='grc' dir='ltr'><strong><em>[Α2</em></strong></span> 
     </span>
     <span class='ocr_line' id='line_1_17' title="bbox 494 2283 1750 2355; baseline 0.004 -16"><span class='ocrx_word' id='word_1_138' title='bbox 494 2301 520 2355; x_wconf 88' lang='lat' dir='ltr'><strong><em>p.</em></strong></span> <span class='ocrx_word' id='word_1_139' title='bbox 533 2288 593 2350; x_wconf 91' lang='grc'><strong><em>211,</em></strong></span> <span class='ocrx_word' id='word_1_140' title='bbox 607 2288 651 2339; x_wconf 81' lang='lat'><strong><em>19:</em></strong></span> <span class='ocrx_word' id='word_1_141' title='bbox 669 2285 822 2340; x_wconf 70' lang='lat' dir='ltr'>Armms</span> <span class='ocrx_word' id='word_1_142' title='bbox 840 2285 898 2339; x_wconf 65' lang='lat' dir='ltr'><strong><em>Aa</em></strong></span> <span class='ocrx_word' id='word_1_143' title='bbox 916 2300 943 2353; x_wconf 90' lang='lat' dir='ltr'><strong><em>p.</em></strong></span> <span class='ocrx_word' id='word_1_144' title='bbox 956 2288 1019 2351; x_wconf 84' lang='lat'>2113</span> <span class='ocrx_word' id='word_1_145' title='bbox 1043 2283 1078 2339; x_wconf 77' lang='lat' dir='ltr'><strong><em>ei.</em></strong></span> <span class='ocrx_word' id='word_1_146' title='bbox 1095 2286 1194 2341; x_wconf 80' lang='lat' dir='ltr'>Isidor.</span> <span class='ocrx_word' id='word_1_147' title='bbox 1206 2287 1263 2342; x_wconf 85' lang='lat' dir='ltr'>Pel.</span> <span class='ocrx_word' id='word_1_148' title='bbox 1276 2302 1318 2354; x_wconf 79' lang='lat' dir='ltr'><strong><em>ep.</em></strong></span> <span class='ocrx_word' id='word_1_149' title='bbox 1331 2286 1360 2340; x_wconf 90' lang='lat'><strong><em>11</em></strong></span> <span class='ocrx_word' id='word_1_150' title='bbox 1373 2289 1422 2341; x_wconf 85' lang='grc'><strong><em>146</em></strong></span> <span class='ocrx_word' id='word_1_151' title='bbox 1444 2292 1473 2342; x_wconf 78' lang='lat' dir='ltr'><strong><em>ot</em></strong></span> <span class='ocrx_word' id='word_1_152' title='bbox 1489 2286 1530 2342; x_wconf 88' lang='lat'><strong><em>10.</em></strong></span> <span class='ocrx_word' id='word_1_153' title='bbox 1548 2287 1676 2344; x_wconf 73' lang='lat' dir='ltr'><strong>Damaso.</strong></span> <span class='ocrx_word' id='word_1_154' title='bbox 1697 2288 1750 2354; x_wconf 74' lang='grc'><strong>[66.</strong></span> 
     </span>
     <span class='ocr_line' id='line_1_18' title="bbox 494 2364 1318 2444; baseline 0.004 -18"><span class='ocrx_word' id='word_1_155' title='bbox 494 2371 623 2441; x_wconf 81' lang='lat' dir='ltr'><strong>Tannery</strong></span> <span class='ocrx_word' id='word_1_156' title='bbox 640 2369 707 2424; x_wconf 82' lang='lat' dir='ltr'><em>Rev.</em></span> <span class='ocrx_word' id='word_1_157' title='bbox 721 2370 747 2424; x_wconf 86' lang='lat' dir='ltr'><strong><em>d.</em></strong></span> <span class='ocrx_word' id='word_1_158' title='bbox 760 2373 787 2423; x_wconf 66' lang='lat' dir='ltr'><strong><em>et</em></strong></span> <span class='ocrx_word' id='word_1_159' title='bbox 795 2387 836 2440; x_wconf 83' lang='grc' dir='ltr'><strong><em>ρν.</em></strong></span> <span class='ocrx_word' id='word_1_160' title='bbox 849 2370 889 2424; x_wconf 94' lang='lat' dir='ltr'><strong><em>VI</em></strong></span> <span class='ocrx_word' id='word_1_161' title='bbox 900 2373 960 2434; x_wconf 83' lang='grc'>274]</span> <span class='ocrx_word' id='word_1_162' title='bbox 980 2373 1014 2426; x_wconf 90' lang='grc' dir='ltr'><strong><em>Κ.</em></strong></span> <span class='ocrx_word' id='word_1_163' title='bbox 1036 2364 1053 2426; x_wconf 82' lang='grc' dir='ltr'><strong>ὁ</strong></span> <span class='ocrx_word' id='word_1_164' title='bbox 1071 2366 1235 2444; x_wconf 84' lang='grc' dir='ltr'><strong><em>φιλόσοφος</em></strong></span> <span class='ocrx_word' id='word_1_165' title='bbox 1251 2367 1318 2444; x_wconf 81' lang='grc' dir='ltr'><strong><em>ἐφη·</em></strong></span> 
     </span>
    </p>
   </div>
   <div class='ocr_carea' id='block_1_5' title="bbox 599 2482 1650 3966">
    <p class='ocr_par' dir='ltr' id='par_1_6' title="bbox 599 2482 1650 3938">
     <span class='ocr_line' id='line_1_19' title="bbox 697 2482 1170 2562; baseline 0.002 -18"><span class='ocrx_word' id='word_1_166' title='bbox 697 2485 809 2561; x_wconf 79' lang='grc' dir='ltr'><strong><em>Κράτης</em></strong></span> <span class='ocrx_word' id='word_1_167' title='bbox 827 2482 947 2545; x_wconf 81' lang='grc' dir='ltr'><strong><em>άπολάει</em></strong></span> <span class='ocrx_word' id='word_1_168' title='bbox 964 2485 998 2546; x_wconf 80' lang='grc' dir='ltr'><strong><em>τά</em></strong></span> <span class='ocrx_word' id='word_1_169' title='bbox 1020 2485 1170 2562; x_wconf 83' lang='grc' dir='ltr'><strong><em>Κράτητος</em></strong></span> 
     </span>
     <span class='ocr_line' id='line_1_20' title="bbox 697 2569 1475 2648; baseline 0.006 -20"><span class='ocrx_word' id='word_1_170' title='bbox 697 2569 746 2629; x_wconf 73' lang='grc' dir='ltr'><strong><em>ἵνα</em></strong></span> <span class='ocrx_word' id='word_1_171' title='bbox 762 2569 801 2644; x_wconf 81' lang='grc' dir='ltr'><strong><em>μὴ</em></strong></span> <span class='ocrx_word' id='word_1_172' title='bbox 818 2569 956 2646; x_wconf 82' lang='grc' dir='ltr'><strong><em>κρατήσηι</em></strong></span> <span class='ocrx_word' id='word_1_173' title='bbox 974 2578 1028 2631; x_wconf 82' lang='grc' dir='ltr'><strong><em>τοῦ</em></strong></span> <span class='ocrx_word' id='word_1_174' title='bbox 1044 2578 1223 2647; x_wconf 84' lang='grc' dir='ltr'><strong><em>κρατοῦντος</em></strong></span> <span class='ocrx_word' id='word_1_175' title='bbox 1241 2573 1296 2640; x_wconf 84' lang='grc' dir='ltr'><strong><em>[τὰ]</em></strong></span> <span class='ocrx_word' id='word_1_176' title='bbox 1314 2578 1475 2648; x_wconf 87' lang='grc' dir='ltr'><strong><em>κρείττονα.</em></strong></span> 
     </span>
     <span class='ocr_line' id='line_1_21' title="bbox 599 2675 1650 2749; baseline 0.003 -18"><span class='ocrx_word' id='word_1_177' title='bbox 599 2679 664 2731; x_wconf 95' lang='grc'><strong><em>1-3</em></strong></span> <span class='ocrx_word' id='word_1_178' title='bbox 684 2675 812 2731; x_wconf 60' lang='grc' dir='ltr'><strong><em>(ἔκτοσε.</em></strong></span> <span class='ocrx_word' id='word_1_179' title='bbox 825 2676 895 2730; x_wconf 76' lang='grc' dir='ltr'><strong><em>Νιο.</em></strong></span> <span class='ocrx_word' id='word_1_180' title='bbox 913 2692 994 2731; x_wconf 84' lang='lat' dir='ltr'><strong>carm.</strong></span> <span class='ocrx_word' id='word_1_181' title='bbox 1013 2675 1049 2731; x_wconf 79' lang='lat' dir='ltr'><strong><em>de</em></strong></span> <span class='ocrx_word' id='word_1_182' title='bbox 1065 2677 1128 2730; x_wconf 75' lang='lat' dir='ltr'>virt.</span> <span class='ocrx_word' id='word_1_183' title='bbox 1147 2676 1248 2746; x_wconf 80' lang='lat' dir='ltr'>[Migne</span> <span class='ocrx_word' id='word_1_184' title='bbox 1265 2677 1296 2732; x_wconf 91' lang='lat' dir='ltr'><strong><em>P.</em></strong></span> <span class='ocrx_word' id='word_1_185' title='bbox 1309 2676 1342 2732; x_wconf 84' lang='lat' dir='ltr'><strong><em>G.</em></strong></span> <span class='ocrx_word' id='word_1_186' title='bbox 1355 2681 1397 2744; x_wconf 79' lang='grc'><strong><em>37,</em></strong></span> <span class='ocrx_word' id='word_1_187' title='bbox 1409 2681 1469 2745; x_wconf 84' lang='grc'><strong>696]</strong></span> <span class='ocrx_word' id='word_1_188' title='bbox 1487 2695 1515 2733; x_wconf 88' lang='lat' dir='ltr'><strong><em>v.</em></strong></span> <span class='ocrx_word' id='word_1_189' title='bbox 1527 2681 1578 2734; x_wconf 88' lang='grc'><strong><em>228</em></strong></span> <span class='ocrx_word' id='word_1_190' title='bbox 1588 2693 1650 2749; x_wconf 84' lang='lat' dir='ltr'>sqq.</span> 
     </span>
     <span class='ocr_line' id='line_1_22' title="bbox 703 2753 1347 2834; baseline 0 -18"><span class='ocrx_word' id='word_1_191' title='bbox 703 2756 818 2832; x_wconf 89' lang='grc' dir='ltr'><strong><em>Κράτης</em></strong></span> <span class='ocrx_word' id='word_1_192' title='bbox 835 2753 863 2816; x_wconf 79' lang='grc' dir='ltr'><strong><em>δ’</em></strong></span> <span class='ocrx_word' id='word_1_193' title='bbox 883 2756 993 2830; x_wconf 79' lang='grc' dir='ltr'><strong><em>ὁμοίως</em></strong></span> <span class='ocrx_word' id='word_1_194' title='bbox 1008 2758 1166 2834; x_wconf 91' lang='grc' dir='ltr'><strong><em>χρημάτων</em></strong></span> <span class='ocrx_word' id='word_1_195' title='bbox 1182 2755 1347 2834; x_wconf 73' lang='grc' dir='ltr'><strong><em>ὕπερτιθείς</em></strong></span> 
     </span>
     <span class='ocr_line' id='line_1_23' title="bbox 701 2837 1336 2919; baseline 0.003 -18"><span class='ocrx_word' id='word_1_196' title='bbox 701 2839 792 2901; x_wconf 75' lang='grc' dir='ltr'><strong><em>αὑτὸν</em></strong></span> <span class='ocrx_word' id='word_1_197' title='bbox 810 2847 910 2915; x_wconf 73' lang='grc' dir='ltr'><strong><em>μεθείς</em></strong></span> <span class='ocrx_word' id='word_1_198' title='bbox 928 2865 959 2903; x_wconf 85' lang='grc' dir='ltr'><strong><em>τε</em></strong></span> <span class='ocrx_word' id='word_1_199' title='bbox 976 2837 1146 2919; x_wconf 81' lang='grc' dir='ltr'><strong><em>μηλόβοτον</em></strong></span> <span class='ocrx_word' id='word_1_200' title='bbox 1162 2840 1214 2918; x_wconf 75' lang='grc' dir='ltr'><strong><em>τὴν</em></strong></span> <span class='ocrx_word' id='word_1_201' title='bbox 1233 2840 1336 2904; x_wconf 86' lang='grc' dir='ltr'><strong><em>ούσίαν</em></strong></span> 
     </span>
     <span class='ocr_line' id='line_1_24' title="bbox 616 2925 1295 3001; baseline 0.003 -17"><span class='ocrx_word' id='word_1_202' title='bbox 616 2934 665 2984; x_wconf 85' lang='grc'><strong><em>230</em></strong></span> <span class='ocrx_word' id='word_1_203' title='bbox 701 2926 741 2996; x_wconf 78' lang='grc' dir='ltr'><strong><em>ὡς</em></strong></span> <span class='ocrx_word' id='word_1_204' title='bbox 758 2925 795 2988; x_wconf 84' lang='grc' dir='ltr'><strong><em>άν</em></strong></span> <span class='ocrx_word' id='word_1_205' title='bbox 811 2929 914 2996; x_wconf 84' lang='grc' dir='ltr'><strong><em>κακίας</em></strong></span> <span class='ocrx_word' id='word_1_206' title='bbox 931 2925 1066 3001; x_wconf 76' lang='grc' dir='ltr'><strong><em>ὑπηρέτιν</em></strong></span> <span class='ocrx_word' id='word_1_207' title='bbox 1083 2933 1132 2987; x_wconf 83' lang='grc' dir='ltr'><strong><em>καὶ</em></strong></span> <span class='ocrx_word' id='word_1_208' title='bbox 1150 2928 1295 3000; x_wconf 90' lang='grc' dir='ltr'><strong><em>σωμάτων</em></strong></span> 
     </span>
     <span class='ocr_line' id='line_1_25' title="bbox 703 3009 1345 3090; baseline 0 -18"><span class='ocrx_word' id='word_1_209' title='bbox 703 3009 806 3088; x_wconf 76' lang='grc' dir='ltr'><strong><em>άρθείς</em></strong></span> <span class='ocrx_word' id='word_1_210' title='bbox 822 3009 895 3087; x_wconf 75' lang='grc' dir='ltr'><strong><em>ὑπὲρ</em></strong></span> <span class='ocrx_word' id='word_1_211' title='bbox 912 3019 1024 3088; x_wconf 83' lang='grc' dir='ltr'><strong><em>βωμοῦ,</em></strong></span> <span class='ocrx_word' id='word_1_212' title='bbox 1042 3012 1170 3087; x_wconf 88' lang='grc' dir='ltr'><strong><em>μεγάλωι</em></strong></span> <span class='ocrx_word' id='word_1_213' title='bbox 1186 3015 1345 3090; x_wconf 81' lang='grc' dir='ltr'><strong><em>κηρύγματι</em></strong></span> 
     </span>
     <span class='ocr_line' id='line_1_26' title="bbox 700 3093 1297 3173; baseline -0.003 -15"><span class='ocrx_word' id='word_1_214' title='bbox 700 3094 819 3158; x_wconf 86' lang='grc' dir='ltr'><strong><em>άνεῖπεν</em></strong></span> <span class='ocrx_word' id='word_1_215' title='bbox 837 3095 928 3157; x_wconf 79' lang='grc' dir='ltr'><strong><em>αὑτὸν</em></strong></span> <span class='ocrx_word' id='word_1_216' title='bbox 946 3093 986 3166; x_wconf 79' lang='grc' dir='ltr'><strong><em>ὡς</em></strong></span> <span class='ocrx_word' id='word_1_217' title='bbox 1003 3098 1036 3155; x_wconf 84' lang='grc' dir='ltr'><strong><em>ἐν</em></strong></span> <span class='ocrx_word' id='word_1_218' title='bbox 1054 3093 1199 3169; x_wconf 86' lang='grc' dir='ltr'><strong><em>Όλυμπίαι</em></strong></span> <span class='ocrx_word' id='word_1_219' title='bbox 1215 3100 1297 3173; x_wconf 86' lang='grc' dir='ltr'><strong><em>μέσηι</em></strong></span> 
     </span>
     <span class='ocr_line' id='line_1_27' title="bbox 701 3180 1327 3259; baseline 0.002 -17"><span class='ocrx_word' id='word_1_220' title='bbox 701 3180 737 3242; x_wconf 79' lang='grc' dir='ltr'><strong><em>τά</em></strong></span> <span class='ocrx_word' id='word_1_221' title='bbox 755 3181 921 3252; x_wconf 79' lang='grc' dir='ltr'><strong><em>θαυμάσιον</em></strong></span> <span class='ocrx_word' id='word_1_222' title='bbox 937 3182 970 3256; x_wconf 77' lang='grc' dir='ltr'><em>ύῆ</em></span> <span class='ocrx_word' id='word_1_223' title='bbox 989 3188 1077 3241; x_wconf 83' lang='grc' dir='ltr'><strong><em>τοῦτο</em></strong></span> <span class='ocrx_word' id='word_1_224' title='bbox 1095 3189 1145 3241; x_wconf 84' lang='grc' dir='ltr'><strong><em>καί</em></strong></span> <span class='ocrx_word' id='word_1_225' title='bbox 1162 3182 1327 3259; x_wconf 78' lang='grc' dir='ltr'><strong><em>βοώμενος·</em></strong></span> 
     </span>
     <span class='ocr_line' id='line_1_28' title="bbox 697 3263 1441 3344; baseline 0.003 -17"><span class='ocrx_word' id='word_1_226' title='bbox 697 3265 905 3343; x_wconf 54' lang='grc' dir='ltr'><strong><em>(ἐλευθεροῖ</em></strong></span> <span class='ocrx_word' id='word_1_227' title='bbox 922 3265 1087 3342; x_wconf 88' lang='grc' dir='ltr'><strong><em>Κράτητα</em></strong></span> <span class='ocrx_word' id='word_1_228' title='bbox 1108 3274 1264 3344; x_wconf 88' lang='grc' dir='ltr'><strong><em>θηβαῖον</em></strong></span> <span class='ocrx_word' id='word_1_229' title='bbox 1283 3263 1441 3344; x_wconf 81' lang='grc' dir='ltr'><strong><em>Κράτης’,</em></strong></span> 
     </span>
     <span class='ocr_line' id='line_1_29' title="bbox 617 3351 1358 3429; baseline 0.003 -21"><span class='ocrx_word' id='word_1_230' title='bbox 617 3358 668 3409; x_wconf 91' lang='grc'><strong>236</strong></span> <span class='ocrx_word' id='word_1_231' title='bbox 704 3358 837 3412; x_wconf 85' lang='grc' dir='ltr'><strong><em>δουλείαν</em></strong></span> <span class='ocrx_word' id='word_1_232' title='bbox 855 3351 937 3420; x_wconf 73' lang='grc' dir='ltr'><strong><em>είδοὶς</em></strong></span> <span class='ocrx_word' id='word_1_233' title='bbox 953 3355 988 3412; x_wconf 83' lang='grc' dir='ltr'><strong><em>τὸ</em></strong></span> <span class='ocrx_word' id='word_1_234' title='bbox 1007 3361 1179 3425; x_wconf 77' lang='grc' dir='ltr'><strong><em>κρατεῖσθαι</em></strong></span> <span class='ocrx_word' id='word_1_235' title='bbox 1194 3351 1358 3429; x_wconf 85' lang='grc' dir='ltr'><strong><em>χρημάτων.</em></strong></span> 
     </span>
     <span class='ocr_line' id='line_1_30' title="bbox 703 3433 1376 3509; baseline 0.003 -13"><span class='ocrx_word' id='word_1_236' title='bbox 703 3443 789 3509; x_wconf 81' lang='grc' dir='ltr'><strong><em>φασὶν</em></strong></span> <span class='ocrx_word' id='word_1_237' title='bbox 806 3437 861 3497; x_wconf 84' lang='grc' dir='ltr'><strong><em>τὸν</em></strong></span> <span class='ocrx_word' id='word_1_238' title='bbox 878 3435 969 3498; x_wconf 81' lang='grc' dir='ltr'><strong><em>αὐτόν</em></strong></span> <span class='ocrx_word' id='word_1_239' title='bbox 986 3433 1043 3508; x_wconf 78' lang='grc' dir='ltr'><strong><em>(ὥς</em></strong></span> <span class='ocrx_word' id='word_1_240' title='bbox 1060 3460 1135 3506; x_wconf 89' lang='grc' dir='ltr'><strong><em>τινες</em></strong></span> <span class='ocrx_word' id='word_1_241' title='bbox 1151 3433 1187 3508; x_wconf 79' lang='grc' dir='ltr'><strong><em>δ’,</em></strong></span> <span class='ocrx_word' id='word_1_242' title='bbox 1206 3436 1295 3498; x_wconf 83' lang='grc' dir='ltr'><strong><em>άλλον</em></strong></span> <span class='ocrx_word' id='word_1_243' title='bbox 1313 3438 1376 3498; x_wconf 87' lang='grc' dir='ltr'><strong><em>τινά</em></strong></span> 
     </span>
     <span class='ocr_line' id='line_1_31' title="bbox 701 3521 1369 3598; baseline 0.003 -19"><span class='ocrx_word' id='word_1_244' title='bbox 701 3528 760 3580; x_wconf 82' lang='grc' dir='ltr'><strong><em>των</em></strong></span> <span class='ocrx_word' id='word_1_245' title='bbox 778 3522 1020 3598; x_wconf 81' lang='grc' dir='ltr'><strong><em>φιλοσοφούντων</em></strong></span> <span class='ocrx_word' id='word_1_246' title='bbox 1037 3523 1069 3592; x_wconf 82' lang='grc' dir='ltr'><strong><em>ἐξ</em></strong></span> <span class='ocrx_word' id='word_1_247' title='bbox 1085 3521 1150 3582; x_wconf 82' lang='grc' dir='ltr'><strong><em>ίσου</em></strong></span> <span class='ocrx_word' id='word_1_248' title='bbox 1167 3522 1369 3598; x_wconf 79' lang='grc' dir='ltr'><strong><em>φρονήματος)</em></strong></span> 
     </span>
     <span class='ocr_line' id='line_1_32' title="bbox 701 3601 1274 3683; baseline 0.003 -19"><span class='ocrx_word' id='word_1_249' title='bbox 701 3609 826 3667; x_wconf 78' lang='grc' dir='ltr'><strong><em>πλέοντα</em></strong></span> <span class='ocrx_word' id='word_1_250' title='bbox 845 3615 897 3667; x_wconf 86' lang='grc' dir='ltr'><strong><em>τοῦ</em></strong></span> <span class='ocrx_word' id='word_1_251' title='bbox 913 3608 1057 3676; x_wconf 84' lang='grc' dir='ltr'><strong><em>κλύδωνος</em></strong></span> <span class='ocrx_word' id='word_1_252' title='bbox 1074 3601 1274 3683; x_wconf 89' lang='grc' dir='ltr'><strong><em>άγρισυμένου,</em></strong></span> 
     </span>
     <span class='ocr_line' id='line_1_33' title="bbox 703 3689 1290 3796; baseline 0 -46"><span class='ocrx_word' id='word_1_253' title='bbox 703 3689 801 3752; x_wconf 78' lang='grc' dir='ltr'><strong><em>ἔπειτα</em></strong></span> <span class='ocrx_word' id='word_1_254' title='bbox 820 3691 933 3767; x_wconf 89' lang='grc' dir='ltr'><strong><em>φόρτωι</em></strong></span> <span class='ocrx_word' id='word_1_255' title='bbox 951 3700 1000 3766; x_wconf 84' lang='grc' dir='ltr'><strong><em>τῆς</em></strong></span> <span class='ocrx_word' id='word_1_256' title='bbox 1018 3691 1091 3761; x_wconf 82' lang='grc' dir='ltr'><strong><em>νεώς</em></strong></span> <span class='ocrx_word' id='word_1_257' title='bbox 1108 3694 1290 3796; x_wconf 83' lang='grc' dir='ltr'><strong><em>βαρουμένης</em></strong></span> 
     </span>
     <span class='ocr_line' id='line_1_34' title="bbox 618 3775 1379 3854; baseline 0.011 -23"><span class='ocrx_word' id='word_1_258' title='bbox 618 3781 668 3851; x_wconf 90' lang='grc'><strong><em>246</em></strong></span> <span class='ocrx_word' id='word_1_259' title='bbox 704 3778 816 3850; x_wconf 82' lang='grc' dir='ltr'><strong><em>ῥίπτειν</em></strong></span> <span class='ocrx_word' id='word_1_260' title='bbox 833 3776 992 3854; x_wconf 75' lang='grc' dir='ltr'><strong><em>προθύμως</em></strong></span> <span class='ocrx_word' id='word_1_261' title='bbox 1010 3780 1051 3846; x_wconf 86' lang='grc' dir='ltr'><strong><em>είς</em></strong></span> <span class='ocrx_word' id='word_1_262' title='bbox 1068 3778 1164 3854; x_wconf 72' lang='grc' dir='ltr'><strong><em>βυθόν</em></strong></span> <span class='ocrx_word' id='word_1_263' title='bbox 1182 3780 1217 3838; x_wconf 87' lang='grc' dir='ltr'><strong><em>τά</em></strong></span> <span class='ocrx_word' id='word_1_264' title='bbox 1235 3775 1379 3851; x_wconf 82' lang='grc' dir='ltr'><strong><em>χρήματα,</em></strong></span> 
     </span>
     <span class='ocr_line' id='line_1_35' title="bbox 704 3860 1347 3966; baseline 0 -46"><span class='ocrx_word' id='word_1_265' title='bbox 704 3861 855 3921; x_wconf 73' lang='grc' dir='ltr'><strong><em>τοῦτονδ’</em></strong></span> <span class='ocrx_word' id='word_1_266' title='bbox 872 3865 999 3923; x_wconf 78' lang='grc' dir='ltr'><strong><em>ἐπειπεῖν</em></strong></span> <span class='ocrx_word' id='word_1_267' title='bbox 1017 3862 1100 3928; x_wconf 77' lang='grc' dir='ltr'><strong><em>ἄξιον</em></strong></span> <span class='ocrx_word' id='word_1_268' title='bbox 1094 3860 1240 3966; x_wconf 41' lang='grc' dir='ltr'><strong><em>..μνήμης</em></strong></span> <span class='ocrx_word' id='word_1_269' title='bbox 1244 3861 1347 3937; x_wconf 84' lang='grc' dir='ltr'><strong><em>λόγον·</em></strong></span> 
     </span>
    </p>
   </div>
   <div class='ocr_carea' id='block_1_6' title="bbox 705 4025 1437 4109">
    <p class='ocr_par' dir='ltr' id='par_1_7' title="bbox 705 4025 1437 4109">
     <span class='ocr_line' id='line_1_36' title="bbox 705 4025 1437 4109; baseline 0.001 -21"><span class='ocrx_word' id='word_1_270' title='bbox 705 4053 749 4098; x_wconf 91' lang='grc' dir='ltr'><strong><em>ως</em></strong></span> <span class='ocrx_word' id='word_1_271' title='bbox 766 4034 798 4091; x_wconf 86' lang='grc' dir='ltr'><strong><em>ε</em></strong></span> <span class='ocrx_word' id='word_1_272' title='bbox 803 4056 817 4100; x_wconf 94' lang='grc' dir='ltr'><strong><em>ς</em></strong></span> <span class='ocrx_word' id='word_1_273' title='bbox 834 4039 992 4109; x_wconf 91' lang='grc' dir='ltr'><strong><em>τρίβωνα</em></strong></span> <span class='ocrx_word' id='word_1_274' title='bbox 1011 4035 1158 4109; x_wconf 76' lang='grc' dir='ltr'><strong><em>ραιδίως</em></strong></span> <span class='ocrx_word' id='word_1_275' title='bbox 1175 4025 1437 4098; x_wconf 58' lang='grc' dir='ltr'><strong><em>συστέλλομαιῖ</em></strong></span> 
     </span>
    </p>
   </div>
   <div class='ocr_carea' id='block_1_7' title="bbox 499 4149 1755 4823">
    <p class='ocr_par' dir='ltr' id='par_1_8' title="bbox 499 4149 1755 4823">
     <span class='ocr_line' id='line_1_37' title="bbox 500 4149 1750 4226; baseline 0.005 -21"><span class='ocrx_word' id='word_1_276' title='bbox 500 4149 534 4205; x_wconf 81' lang='lat' dir='ltr'><strong><em>cf.</em></strong></span> <span class='ocrx_word' id='word_1_277' title='bbox 552 4149 656 4206; x_wconf 69' lang='lat' dir='ltr'><strong>Senon.</strong></span> <span class='ocrx_word' id='word_1_278' title='bbox 667 4152 779 4208; x_wconf 71' lang='grc' dir='ltr'><strong><em>Μοαιο.</em></strong></span> <span class='ocrx_word' id='word_1_279' title='bbox 796 4154 877 4209; x_wconf 84' lang='lat' dir='ltr'><strong>adh.</strong></span> <span class='ocrx_word' id='word_1_280' title='bbox 893 4155 911 4211; x_wconf 91' lang='lat' dir='ltr'>l</span> <span class='ocrx_word' id='word_1_281' title='bbox 930 4157 1031 4226; x_wconf 74' lang='lat' dir='ltr'>siligne</span> <span class='ocrx_word' id='word_1_282' title='bbox 1049 4159 1091 4224; x_wconf 91' lang='grc'><strong>36,</strong></span> <span class='ocrx_word' id='word_1_283' title='bbox 1108 4159 1167 4220; x_wconf 82' lang='grc'><strong>967]</strong></span> <span class='ocrx_word' id='word_1_284' title='bbox 1192 4160 1221 4209; x_wconf 81' lang='lat' dir='ltr'><strong><em>et</em></strong></span> <span class='ocrx_word' id='word_1_285' title='bbox 1244 4153 1357 4208; x_wconf 77' lang='grc' dir='ltr'><strong><em>Οοειιιε</em></strong></span> <span class='ocrx_word' id='word_1_286' title='bbox 1375 4151 1456 4208; x_wconf 85' lang='lat' dir='ltr'><strong><em>adh</em></strong></span> <span class='ocrx_word' id='word_1_287' title='bbox 1472 4152 1490 4207; x_wconf 91' lang='grc'><strong><em>1.</em></strong></span> <span class='ocrx_word' id='word_1_288' title='bbox 1510 4152 1615 4223; x_wconf 80' lang='lat' dir='ltr'>[Migne</span> <span class='ocrx_word' id='word_1_289' title='bbox 1632 4159 1674 4223; x_wconf 83' lang='grc'><strong><em>33,</em></strong></span> <span class='ocrx_word' id='word_1_290' title='bbox 1693 4158 1750 4220; x_wconf 86' lang='grc'><strong>668]</strong></span> 
     </span>
     <span class='ocr_line' id='line_1_38' title="bbox 499 4229 1752 4312; baseline 0.002 -20"><span class='ocrx_word' id='word_1_291' title='bbox 499 4235 554 4293; x_wconf 84' lang='grc' dir='ltr'><strong><em>τὸν</em></strong></span> <span class='ocrx_word' id='word_1_292' title='bbox 571 4229 662 4294; x_wconf 76' lang='grc' dir='ltr'><strong><em>αὐτὸν</em></strong></span> <span class='ocrx_word' id='word_1_293' title='bbox 680 4233 816 4312; x_wconf 88' lang='grc' dir='ltr'><strong><em>Κράτητά</em></strong></span> <span class='ocrx_word' id='word_1_294' title='bbox 834 4261 931 4311; x_wconf 93' lang='grc' dir='ltr'><strong><em>φασιν,</em></strong></span> <span class='ocrx_word' id='word_1_295' title='bbox 949 4235 989 4308; x_wconf 78' lang='grc' dir='ltr'><strong><em>ὡς</em></strong></span> <span class='ocrx_word' id='word_1_296' title='bbox 1006 4241 1036 4298; x_wconf 82' lang='grc' dir='ltr'><strong><em>δέ</em></strong></span> <span class='ocrx_word' id='word_1_297' title='bbox 1053 4261 1128 4307; x_wconf 87' lang='grc' dir='ltr'><strong><em>τινες</em></strong></span> <span class='ocrx_word' id='word_1_298' title='bbox 1145 4233 1331 4311; x_wconf 70' lang='grc' dir='ltr'><strong><em>Ἀντισθένην,</em></strong></span> <span class='ocrx_word' id='word_1_299' title='bbox 1350 4234 1480 4297; x_wconf 82' lang='grc' dir='ltr'><strong><em>άλλοιύέ</em></strong></span> <span class='ocrx_word' id='word_1_300' title='bbox 1492 4232 1613 4310; x_wconf 78' lang='grc' dir='ltr'><strong><em>Ζήνωνα</em></strong></span> <span class='ocrx_word' id='word_1_301' title='bbox 1632 4243 1752 4307; x_wconf 82' lang='grc' dir='ltr'><strong><em>(κυνικοί</em></strong></span> 
     </span>
     <span class='ocr_line' id='line_1_39' title="bbox 501 4315 1753 4425; baseline 0.003 -46"><span class='ocrx_word' id='word_1_302' title='bbox 501 4323 530 4380; x_wconf 79' lang='grc' dir='ltr'><strong><em>δὲ</em></strong></span> <span class='ocrx_word' id='word_1_303' title='bbox 547 4322 705 4396; x_wconf 89' lang='grc' dir='ltr'><strong><em>φιλόσοφοι</em></strong></span> <span class='ocrx_word' id='word_1_304' title='bbox 721 4329 770 4381; x_wconf 78' lang='grc' dir='ltr'><strong><em>καὶ</em></strong></span> <span class='ocrx_word' id='word_1_305' title='bbox 789 4315 915 4392; x_wconf 74' lang='grc' dir='ltr'><strong><em>οὗτοι)”</em></strong></span> <span class='ocrx_word' id='word_1_306' title='bbox 898 4347 977 4396; x_wconf 95' lang='grc' dir='ltr'><strong><em>ομως</em></strong></span> <span class='ocrx_word' id='word_1_307' title='bbox 993 4321 1107 4383; x_wconf 84' lang='grc' dir='ltr'><strong><em>τούτων</em></strong></span> <span class='ocrx_word' id='word_1_308' title='bbox 1125 4318 1165 4390; x_wconf 75' lang='grc' dir='ltr'><strong><em>εἷς</em></strong></span> <span class='ocrx_word' id='word_1_309' title='bbox 1185 4324 1279 4381; x_wconf 87' lang='grc' dir='ltr'><strong><em>πλέων</em></strong></span> <span class='ocrx_word' id='word_1_310' title='bbox 1295 4327 1345 4380; x_wconf 83' lang='grc' dir='ltr'><strong><em>καί</em></strong></span> <span class='ocrx_word' id='word_1_311' title='bbox 1360 4326 1504 4425; x_wconf 73' lang='grc' dir='ltr'><strong><em>χειμῶνος</em></strong></span> <span class='ocrx_word' id='word_1_312' title='bbox 1521 4318 1689 4395; x_wconf 85' lang='grc' dir='ltr'><strong><em>συμβάντος</em></strong></span> <span class='ocrx_word' id='word_1_313' title='bbox 1705 4329 1753 4383; x_wconf 80' lang='grc' dir='ltr'><strong><em>καί</em></strong></span> 
     </span>
     <span class='ocr_line' id='line_1_40' title="bbox 501 4402 1753 4484; baseline 0.002 -19"><span class='ocrx_word' id='word_1_314' title='bbox 501 4412 640 4482; x_wconf 88' lang='grc' dir='ltr'><strong><em>ναυαγίου</em></strong></span> <span class='ocrx_word' id='word_1_315' title='bbox 656 4409 816 4482; x_wconf 82' lang='grc' dir='ltr'><strong><em>γενομένου</em></strong></span> <span class='ocrx_word' id='word_1_316' title='bbox 832 4404 1010 4482; x_wconf 74' lang='grc' dir='ltr'><strong><em>εὐχαρίστως</em></strong></span> <span class='ocrx_word' id='word_1_317' title='bbox 1030 4409 1129 4480; x_wconf 82' lang='grc' dir='ltr'><strong><em>φέρων</em></strong></span> <span class='ocrx_word' id='word_1_318' title='bbox 1150 4407 1202 4480; x_wconf 77' lang='grc' dir='ltr'><strong><em>τὴν</em></strong></span> <span class='ocrx_word' id='word_1_319' title='bbox 1219 4408 1358 4481; x_wconf 80' lang='grc' dir='ltr'><strong><em>ἐσομένην</em></strong></span> <span class='ocrx_word' id='word_1_320' title='bbox 1381 4402 1471 4466; x_wconf 81' lang='grc' dir='ltr'><strong><em>αὖτῶι</em></strong></span> <span class='ocrx_word' id='word_1_321' title='bbox 1487 4408 1591 4465; x_wconf 82' lang='grc' dir='ltr'><strong><em>πενίαν</em></strong></span> <span class='ocrx_word' id='word_1_322' title='bbox 1608 4404 1686 4484; x_wconf 84' lang='grc' dir='ltr'><strong><em>πρὸς</em></strong></span> <span class='ocrx_word' id='word_1_323' title='bbox 1703 4430 1753 4482; x_wconf 88' lang='grc' dir='ltr'><strong><em>την</em></strong></span> 
     </span>
     <span class='ocr_line' id='line_1_41' title="bbox 500 4482 1754 4569; baseline 0.002 -18"><span class='ocrx_word' id='word_1_324' title='bbox 500 4490 587 4567; x_wconf 86' lang='grc' dir='ltr'><strong><em>τύχην</em></strong></span> <span class='ocrx_word' id='word_1_325' title='bbox 603 4490 806 4568; x_wconf 66' lang='grc' dir='ltr'><strong><em>ἐφθέγξατο·ι</em></strong></span> <span class='ocrx_word' id='word_1_326' title='bbox 815 4486 847 4553; x_wconf 79' lang='grc' dir='ltr'><strong><em>εὖ</em></strong></span> <span class='ocrx_word' id='word_1_327' title='bbox 869 4517 911 4569; x_wconf 87' lang='grc' dir='ltr'><strong><em>γε,</em></strong></span> <span class='ocrx_word' id='word_1_328' title='bbox 934 4497 958 4552; x_wconf 86' lang='grc' dir='ltr'><strong><em>ω’</em></strong></span> <span class='ocrx_word' id='word_1_329' title='bbox 980 4493 1066 4567; x_wconf 76' lang='grc' dir='ltr'><strong><em>Τύχη·</em></strong></span> <span class='ocrx_word' id='word_1_330' title='bbox 1088 4491 1175 4567; x_wconf 84' lang='grc' dir='ltr'><strong><em>χάριν</em></strong></span> <span class='ocrx_word' id='word_1_331' title='bbox 1193 4514 1240 4552; x_wconf 92' lang='grc' dir='ltr'><strong><em>σοι</em></strong></span> <span class='ocrx_word' id='word_1_332' title='bbox 1258 4490 1405 4566; x_wconf 81' lang='grc' dir='ltr'><strong><em>ὁμολογῶ,</em></strong></span> <span class='ocrx_word' id='word_1_333' title='bbox 1429 4482 1474 4550; x_wconf 75' lang='grc' dir='ltr'><strong><em>ὅτι</em></strong></span> <span class='ocrx_word' id='word_1_334' title='bbox 1491 4512 1543 4563; x_wconf 89' lang='grc' dir='ltr'><strong><em>την</em></strong></span> <span class='ocrx_word' id='word_1_335' title='bbox 1560 4489 1632 4566; x_wconf 83' lang='grc' dir='ltr'><strong><em>ἐμην</em></strong></span> <span class='ocrx_word' id='word_1_336' title='bbox 1650 4491 1754 4553; x_wconf 80' lang='grc' dir='ltr'><strong><em>οὐσίαν</em></strong></span> 
     </span>
     <span class='ocr_line' id='line_1_42' title="bbox 501 4571 1754 4654; baseline -0.001 -14"><span class='ocrx_word' id='word_1_337' title='bbox 501 4577 569 4652; x_wconf 81' lang='grc' dir='ltr'><strong><em>ἄχρι</em></strong></span> <span class='ocrx_word' id='word_1_338' title='bbox 587 4584 640 4638; x_wconf 83' lang='grc' dir='ltr'><strong><em>τοῦ</em></strong></span> <span class='ocrx_word' id='word_1_339' title='bbox 657 4583 813 4654; x_wconf 88' lang='grc' dir='ltr'><strong><em>τριβωνίου</em></strong></span> <span class='ocrx_word' id='word_1_340' title='bbox 830 4574 1039 4654; x_wconf 58' lang='grc' dir='ltr'><strong><em>περιέστησαςζ</em></strong></span> <span class='ocrx_word' id='word_1_341' title='bbox 1062 4571 1102 4646; x_wconf 87' lang='grc' dir='ltr'><strong><em>ω’ς</em></strong></span> <span class='ocrx_word' id='word_1_342' title='bbox 1119 4600 1206 4637; x_wconf 90' lang='grc' dir='ltr'><strong><em>τινων</em></strong></span> <span class='ocrx_word' id='word_1_343' title='bbox 1227 4583 1287 4636; x_wconf 81' lang='grc' dir='ltr'><strong><em>τῶν</em></strong></span> <span class='ocrx_word' id='word_1_344' title='bbox 1308 4578 1342 4637; x_wconf 82' lang='grc' dir='ltr'><strong><em>ἐκ</em></strong></span> <span class='ocrx_word' id='word_1_345' title='bbox 1363 4582 1413 4650; x_wconf 83' lang='grc' dir='ltr'><strong><em>τῆς</em></strong></span> <span class='ocrx_word' id='word_1_346' title='bbox 1435 4571 1534 4644; x_wconf 80' lang='grc' dir='ltr'><strong><em>οὐσίας</em></strong></span> <span class='ocrx_word' id='word_1_347' title='bbox 1557 4573 1649 4638; x_wconf 79' lang='grc' dir='ltr'><strong><em>αύτοῦ</em></strong></span> <span class='ocrx_word' id='word_1_348' title='bbox 1670 4577 1754 4650; x_wconf 80' lang='grc' dir='ltr'><strong><em>έμπε·</em></strong></span> 
     </span>
     <span class='ocr_line' id='line_1_43' title="bbox 501 4663 1755 4739; baseline 0.002 -18"><span class='ocrx_word' id='word_1_349' title='bbox 501 4665 703 4739; x_wconf 82' lang='grc' dir='ltr'><strong><em>φορτισμένων</em></strong></span> <span class='ocrx_word' id='word_1_350' title='bbox 724 4670 769 4737; x_wconf 83' lang='grc' dir='ltr'><strong><em>ιῆι</em></strong></span> <span class='ocrx_word' id='word_1_351' title='bbox 790 4668 842 4737; x_wconf 88' lang='grc' dir='ltr'><strong><em>νηί.</em></strong></span> <span class='ocrx_word' id='word_1_352' title='bbox 878 4666 1028 4736; x_wconf 81' lang='lat' dir='ltr'>Gregorius</span> <span class='ocrx_word' id='word_1_353' title='bbox 1047 4665 1154 4735; x_wconf 81' lang='lat' dir='ltr'>plenius</span> <span class='ocrx_word' id='word_1_354' title='bbox 1176 4666 1330 4734; x_wconf 79' lang='lat' dir='ltr'><strong>exemplum</strong></span> <span class='ocrx_word' id='word_1_355' title='bbox 1353 4663 1477 4736; x_wconf 79' lang='lat' dir='ltr'>sequitur</span> <span class='ocrx_word' id='word_1_356' title='bbox 1497 4664 1654 4734; x_wconf 72' lang='lat' dir='ltr'>soripioris,</span> <span class='ocrx_word' id='word_1_357' title='bbox 1677 4666 1755 4722; x_wconf 77' lang='lat' dir='ltr'>ouius</span> 
     </span>
     <span class='ocr_line' id='line_1_44' title="bbox 501 4745 1755 4823; baseline 0 -16"><span class='ocrx_word' id='word_1_358' title='bbox 501 4758 658 4821; x_wconf 79' lang='lat' dir='ltr'><strong>excerptum</strong></span> <span class='ocrx_word' id='word_1_359' title='bbox 676 4751 726 4806; x_wconf 77' lang='lat' dir='ltr'><strong><em>dat</em></strong></span> <span class='ocrx_word' id='word_1_360' title='bbox 741 4752 848 4806; x_wconf 56' lang='lat' dir='ltr'><strong>Iam.</strong></span> <span class='ocrx_word' id='word_1_361' title='bbox 859 4751 944 4807; x_wconf 70' lang='lat' dir='ltr'><strong>Dloo.</strong></span> <span class='ocrx_word' id='word_1_362' title='bbox 956 4752 1011 4807; x_wconf 89' lang='lat' dir='ltr'><strong><em>VH</em></strong></span> <span class='ocrx_word' id='word_1_363' title='bbox 1022 4756 1047 4806; x_wconf 82' lang='lat'><strong><em>4.</em></strong></span> <span class='ocrx_word' id='word_1_364' title='bbox 1061 4756 1075 4805; x_wconf 90' lang='grc'><strong><em>6</em></strong></span> <span class='ocrx_word' id='word_1_365' title='bbox 1092 4747 1141 4807; x_wconf 79' lang='grc' dir='ltr'><strong><em>ίνοι</em></strong></span> <span class='ocrx_word' id='word_1_366' title='bbox 1152 4753 1203 4807; x_wconf 91' lang='grc' dir='ltr'><strong><em>καί</em></strong></span> <span class='ocrx_word' id='word_1_367' title='bbox 1219 4770 1308 4823; x_wconf 90' lang='grc' dir='ltr'><strong><em>φασιν</em></strong></span> <span class='ocrx_word' id='word_1_368' title='bbox 1320 4749 1413 4809; x_wconf 82' lang='grc' dir='ltr'><strong><em>αὐτὸν</em></strong></span> <span class='ocrx_word' id='word_1_369' title='bbox 1425 4749 1554 4815; x_wconf 80' lang='lat' dir='ltr'>[Zenona]</span> <span class='ocrx_word' id='word_1_370' title='bbox 1572 4749 1665 4809; x_wconf 81' lang='grc' dir='ltr'><strong><em>εἰπεῖν</em></strong></span> <span class='ocrx_word' id='word_1_371' title='bbox 1678 4745 1755 4810; x_wconf 57' lang='lat' dir='ltr'><strong><em>‘viv</em></strong></span> 
     </span>
    </p>
   </div>
   <div class='ocr_carea' id='block_1_8' title="bbox 0 0 2081 5617">
    <p class='ocr_par' dir='ltr' id='par_1_9' title="bbox 0 0 2081 5617">
     <span class='ocr_line' id='line_1_45' title="bbox 0 0 2081 5617; baseline 0 0"><span class='ocrx_word' id='word_1_372' title='bbox 0 0 2081 5617; x_wconf 95' lang='lat' dir='ltr'><strong><em> </em></strong></span> 
     </span>
    </p>
   </div>
  </div>
 </body>
</html>
