4117 5617
790 567 822 623 B.
839 568 896 623 PR
908 572 1018 623 71-79.
1052 569 1130 623 ΠΕΡΙ
1147 569 1277 624 ΦΥΣΕΩΣ
1596 574 1657 634 135

788 741 820 792 76
840 740 985 801 [220—222
1003 736 1048 804 K,
1066 741 1202 794 233-235
1221 739 1269 804 St]

507 826 573 877 1-3
591 813 679 877 Pnur.
689 821 799 888 Quaest.
813 822 901 878 Gonv.
913 823 928 877 1
939 826 964 889 2,
977 828 992 878 b
1010 838 1038 892 p.
1051 824 1133 896 eren
1151 827 1200 881 καί
1212 820 1266 881 τόν
1282 819 1356 882 θεὸν
1369 818 1459 895 όροὶις,
1478 820 1513 883 ὅν
1525 819 1657 898 ’ἀριστο

402 903 519 979 τέχναν’
537 900 618 978 ἡμῶν
637 901 814 978 όίΙίνδαρος
830 917 998 981 προσεῖπεν,
1017 902 1053 966 οό
1071 913 1220 981 πανταχοῦ
1237 905 1271 966 τὸ
1291 913 1348 980 πῦρ
1366 906 1428 967 ἀνω
1446 907 1591 969 τάττοντα
1608 917 1658 970 καί

401 987 482 1050 κάτω
500 988 552 1063 τὴν
562 996 615 1064 γῆν
626 984 692 1050 ἀλλ’
704 986 744 1058 ῶς
755 987 792 1050 άν
804 989 834 1049 αλ
842 1002 939 1065 χρεῖαι
951 998 1011 1050 τῶν
1022 991 1166 1064 σωμάτων
1177 987 1330 1052 ἀπαιτῶσι·
1346 987 1468 1052 ίτοῦτο
1480 1026 1515 1036 -
1525 992 1658 1068 χελύων

402 1071 467 1142 τε’,ί
484 1080 569 1149 φησίν
589 1070 634 1144 Ἰλ,
646 1070 738 1134 (ἔνθ’
750 1107 784 1117 -
796 1068 1059 1136 ναιετάουσανῖ
1163 1083 1216 1134 λθ
1234 1079 1311 1134 Innm
1327 1079 1362 1134 de
1377 1079 1430 1134 fac.
1447 1080 1466 1135 i.
1478 1081 1567 1137 orb.l.
1581 1086 1612 1136 14
1629 1098 1657 1152 p.

402 1167 452 1217 927
462 1163 486 1216 F
512 1154 577 1220 οὐδὲ
599 1164 653 1219 τοῦ
673 1155 765 1234 πυρὸς
786 1158 821 1219 τὸ
844 1163 897 1231 μέν
914 1158 976 1221 ἀνω
999 1166 1067 1236 περὶ
1083 1162 1119 1223 τά
1139 1160 1257 1234 όμματα
1281 1157 1463 1237 ἀποστίλβον
1479 1161 1554 1224 κατὰ
1572 1162 1658 1238 φάσιν

401 1245 473 1314 ἐστί,
491 1242 527 1303 τὸ
546 1239 573 1302 δ’
591 1244 623 1303 έν
639 1248 747 1304 κοιλίαι
764 1250 811 1304 καί
828 1250 942 1320 καρδίαι
954 1246 1036 1319 παρά
1055 1245 1148 1321 φόσιν,
1166 1242 1232 1307 ἀλλ’
1249 1244 1374 1307 ἕκαστον
1392 1249 1508 1316 οἰκείως
1523 1254 1572 1308 καί
1587 1271 1657 1323 χρη·

402 1333 495 1402 σίμως
512 1331 659 1389 τέτακται.
672 1326 746 1388 ιναί
757 1362 792 1372 -
801 1332 936 1404 χελύων
953 1328 1003 1390 τε’
1025 1336 1075 1389 καὶ
1090 1328 1201 1399 παντὸς
1224 1326 1347 1402 ὀστρέου
1364 1330 1457 1407 φάσιν,
1477 1328 1516 1400 ὥς
1534 1354 1620 1407 φησιν
1639 1330 1654 1393 ό

400 1410 590 1486 Ἐμπεδοκλῆς
606 1411 841 1484 καταμανθάνων
857 1411 946 1475 ἀνθ’
958 1448 991 1457 -
1004 1412 1264 1476 ναιεταόυσαν’.

556 1530 654 1586 τοῦτο
677 1525 738 1602 μὲν
765 1526 800 1586 ἐν
822 1527 977 1607 κόγχαισι
999 1522 1280 1604 θαλασσονόμοις
1302 1527 1519 1611 βαρυνώτοις,

557 1625 613 1687 ναί
635 1627 701 1711 μὴν
723 1622 872 1711 κηρύκιον
895 1647 931 1689 τε
955 1623 1162 1711 λιθορρίνων
1183 1624 1309 1706 χελύων
1331 1642 1383 1691 τε·

556 1715 633 1788 ἔνθ’
660 1728 743 1809 ὄψει
763 1728 874 1806 χθόνα
895 1731 1026 1812 χριστὸς
1047 1729 1220 1813 ὑπέρτατα
1248 1733 1480 1793 ναιετάουσαν.

507 1861 520 1911 1
539 1853 669 1929 κόγχηισι
685 1857 822 1914 Merrdorf
867 1857 985 1915 fortasse
1002 1855 1237 1929 brictonorium
1288 1860 1405 1916 verbum
1422 1861 1604 1933 supplendum
1621 1860 1657 1917 ci.

401 1939 436 1994 fr.
449 1945 517 2008 20,1
605 1947 620 1996 λ
639 1946 687 1999 ναί
703 1940 760 2015 μὴν
777 1944 816 1998 sic
832 1943 905 1998 Plca
923 1950 1043 2014 utroque
1060 1944 1135 2014 loco;
1153 1947 1202 2000 καί
1218 1938 1275 2014 μὴν
1291 1944 1435 2016 Xylander
1497 1945 1606 2017 χελύων
1623 1966 1656 2003 τε

400 2025 474 2080 Plut
487 2026 549 2080 618:
566 2031 703 2097 χελωνῶν
718 2047 751 2085 τε
769 2032 818 2083 927
830 2028 891 2083 BE:
910 2048 941 2086 τε
952 2033 1089 2100 χελωνῶν
1099 2029 1202 2085 frusba
1212 2027 1331 2084 Karsten
1374 2044 1483 2085 sensus:
1501 2035 1573 2086 terra
1583 2031 1655 2085 utin

400 2126 589 2167 macrocosmo
600 2111 641 2168 ita
657 2112 686 2166 in
697 2113 878 2169 microcosmo
889 2113 1049 2169 interiorem
1061 2114 1151 2170 locum
1163 2120 1264 2180 servat,
1282 2113 1360 2168 velut
1372 2129 1435 2169 ossa
1452 2114 1481 2168 in
1493 2113 1656 2170 animalibus

402 2194 447 2260 (cf.
458 2195 492 2250 fr.
504 2200 555 2263 75).
577 2202 728 2254 esttamen
744 2197 793 2253 ubi
810 2204 906 2254 contra
920 2197 984 2253 fiat:
1002 2196 1103 2253 hocin
1120 2197 1279 2270 conchyliis,
1300 2199 1329 2252 in
1346 2198 1441 2268 primis
1458 2198 1488 2252 in
1505 2197 1658 2255 muricibus

400 2296 434 2335 ac
445 2281 637 2349 testudinibus,
655 2283 704 2339 ubi
719 2289 810 2338 crusta
820 2289 927 2338 terrena
938 2289 1024 2352 extra,
1043 2283 1136 2339 mollia
1146 2282 1221 2338 intus
1233 2290 1304 2339 sunt.
1334 2283 1369 2339 ci.
1380 2283 1432 2339 Ar.
1445 2283 1480 2338 de
1491 2289 1561 2352 part
1573 2283 1655 2340 anim.

400 2364 462 2420 Be.
475 2367 571 2421 econ
589 2367 624 2422 te
640 2383 704 2437 gen.
716 2367 798 2423 anim.
815 2370 877 2422 r11
896 2385 924 2438 p.
936 2373 998 2423 τοι·
1009 2372 1041 2423 ιτ

872 2543 904 2592 ’ίῖ
923 2542 984 2604 [366
1002 2538 1047 2603 K,
1063 2542 1114 2592 423
1133 2537 1182 2602 St]

861 2624 1192 2713 έμπεόόφυλλος.

504 2739 592 2795 Pnur.
604 2741 714 2806 Quaest
727 2757 807 2798 conv.
820 2741 862 2797 111
873 2745 926 2808 λλ
943 2758 971 2812 p.
984 2741 1066 2797 6980
1090 2736 1125 2798 τὸ
1144 2733 1173 2797 δ’
1190 2733 1324 2806 ἀειθαλὲς
1342 2744 1429 2798 τοῦτο
1447 2743 1496 2798 καὶ
1514 2734 1554 2807 ὥς
1571 2761 1657 2814 φησιν

398 2815 436 2879 ’E-
449 2822 720 2898 ἐμπεδόφυλλον
738 2819 790 2884 οόκ
802 2821 862 2884 ἔστι
873 2821 1069 2900 θερμότητος·
1089 2818 1154 2883 οὐδὲ
1164 2819 1222 2897 γὰρ
1235 2819 1416 2898 ψυχρότητος
1428 2821 1462 2883 τὸ
1475 2830 1655 2897 φυλλοροεῑν.

470 2905 541 2967 ἔνιοι
557 2911 610 2980 μέν
629 2902 681 2969 οὖν
699 2905 857 2984 ὁμαλότητι
878 2907 1013 2984 κράσεως
1037 2907 1149 2968 οἴονται
1172 2908 1350 2984 παραμένειν
1367 2905 1402 2967 τὸ
1422 2909 1539 2979 φύλλον.
1572 2903 1608 2968 Ἐ.
1626 2912 1656 2970 δέ

400 2989 477 3066 πρὸς
498 2994 604 3053 τούτωι
625 3000 674 3053 καί
696 2993 799 3067 πόρων
823 2990 887 3053 τινὰ
911 2998 1088 3069 συμμετρίαν
1111 2994 1238 3053 αἰτιᾶται
1258 2992 1440 3066 τεταγμένως
1464 2999 1514 3052 καί
1539 2992 1656 3064 ὁμαλῶς

399 3077 453 3152 τὴν
471 3079 583 3154 τροφὴν
600 3081 727 3139 διιέντων
745 3072 821 3139 τόστε
839 3075 1008 3154 ἀρκούντως
1024 3079 1155 3151 ἐπιρρεῖν

503 3200 694 3267 verisimiliter,
712 3200 761 3256 aed
771 3217 829 3256 non
840 3207 915 3257 certo
926 3200 1047 3270 pertinet
1063 3200 1221 3256 adversum
1233 3201 1281 3268 qui
1293 3197 1359 3255 olim
1376 3198 1409 3252 ir.
1420 3202 1451 3253 78
1464 3199 1654 3268 praecedebat

503 3375 988 3526 innom.eaus.p1anc1{{‚[2³62⁷l
1001 3369 1232 3526 {ambian
1251 3445 1266 3509 ό
1283 3445 1339 3526 ἀῆρ
1352 3445 1529 3526 ἀκολουθοίη
1541 3447 1655 3520 τούτοις

400 3541 448 3601 [sc.
460 3546 522 3604 τοῖς
534 3538 675 3610 δένδροις1,
688 3537 757 3606 ἴσως
775 3533 840 3599 οόδέ
851 3537 889 3599 τά
899 3537 979 3611 παρά
997 3545 1057 3597 τῶν
1069 3543 1197 3611 ποιητῶν
1208 3529 1351 3610 λεγόμενα
1364 3534 1471 3606 δόξειεν
1490 3535 1526 3598 ἀν
1539 3535 1655 3611 ἀλόγως

400 3618 477 3694 ἔχειν
495 3617 574 3690 [οὐδ’]
594 3619 634 3692 ῶς
651 3618 687 3682 Ἐ.
705 3619 884 3697 ἀείφυλλα
902 3628 951 3683 καὶ
968 3622 1225 3695 έμπεδδκαρπά
1243 3643 1311 3696 φησι
1328 3620 1474 3682 θάλλειν

554 3741 693 3817 καρπῶν
717 3735 927 3818 ἀφθονίηισι
947 3724 1024 3795 κατ’
1050 3736 1132 3818 ἠέρα
1156 3723 1260 3794 πάντ’
1286 3733 1449 3807 ἐνιαυτόν,

398 3838 609 3916 όποτιθέμενός
626 3867 689 3904 τινα
707 3851 760 3904 τοῦ
777 3840 865 3919 ἀέρος
881 3850 994 3920 κρᾶσιν,
1013 3843 1064 3918 τὴν
1082 3839 1189 3918 ἤρινήν,
1206 3840 1313 3916 κοινήν.
1427 3882 1429 3886 v

503 3959 570 4021 κατ’
588 3959 658 4038 ἠέρα
680 3973 793 4036 propter
809 3965 991 4035 Tbeophrasti
1008 3981 1143 4021 conexum
1166 3963 1348 4020 necessarium
1366 3963 1401 4018 ci.
1414 3966 1455 4028 38,
1467 3966 1496 4029 3;
1518 3967 1656 4017 mutarant

398 4045 528 4120 κατήρεα
540 4049 669 4122 Scaliger,
686 4049 817 4124 κατήορα
828 4050 912 4107 Beck.
941 4050 1048 4105 'addunt
1060 4055 1141 4105 antea
1151 4065 1262 4105 versum
1274 4048 1420 4120 δένδρεα
1439 4039 1466 4104 δ’
1484 4040 1654 4118 άείφυλλα

399 4130 880 4208 καίέμπεδόκαρπατεθὴλει
899 4135 942 4202 (G.
955 4136 1106 4199 Hermann)
1124 4134 1170 4190 vel
1182 4134 1279 4190 melirm
1290 4133 1396 4188 adscito
1413 4130 1447 4186 fr.
1460 4137 1491 4187 tt
1511 4135 1534 4188 δ.
1553 4125 1580 4187 δ’
1598 4129 1654 4201 έμ-

400 4213 611 4290 πεδόφυλλα
634 4225 694 4278 κτλ.
716 4221 863 4289 (Karsten).
898 4220 952 4276 hoc
972 4220 1031 4276 veri
1054 4219 1186 4275 similiter.
1213 4225 1242 4275 at
1259 4217 1396 4274 immerito
1413 4216 1465 4272 hos
1483 4217 1655 4272 continuavit

401 4300 479 4357 Stein
494 4301 528 4359 ir.
542 4309 590 4360 130
608 4312 703 4362 contra
719 4306 792 4361 Plut
810 4306 853 4374 (fr.
864 4309 908 4371 Π)
927 4321 1046 4360 sensum.
1081 4303 1116 4360 ci.
1128 4305 1195 4359 Aba
1207 4303 1234 4359 V
1245 4307 1287 4369 26,
1299 4308 1316 4358 4
1335 4303 1375 4367 [Α
1386 4307 1419 4356 λθ
1436 4317 1463 4372 p.
1476 4305 1518 4367 95,
1531 4304 1555 4367 7]

966 4474 1036 4528 5Κ.
1063 4477 1113 4528 29
1152 4481 1171 4528 t.

503 4561 604 4617 Anisa.
617 4562 652 4617 de
663 4577 726 4632 gen.
738 4562 820 4616 anim.
837 4480 917 4617 Αλλ
922 4479 992 4616 [λάμ
1004 4565 1018 4615 1
1037 4513 1069 4616 έν
1082 4477 1116 4617 λέ
1128 4473 1190 4625 τεοάς
1207 4565 1309 4630 φυτοῖς
1319 4555 1504 4627 μεμειγμέναι
1521 4543 1605 4612 αὗται
1624 4553 1654 4613 αλ

399 4639 532 4716 δυνάμεις
553 4647 607 4704 εἰσὶ
630 4651 679 4704 καί
702 4639 736 4704 οὗ
758 4645 933 4718 κεχώρισται
955 4641 990 4703 τό
1009 4648 1082 4717 θῆλυ
1100 4647 1152 4702 τοῦ
1170 4640 1302 4716 ἀρρενος.
1337 4638 1381 4697 διδ
1398 4644 1447 4698 καί
1464 4641 1562 4712 γεννάι
1580 4633 1653 4698 αότα

398 4728 432 4796 ἐξ
447 4727 543 4789 αὑτῶν
559 4735 608 4788 καὶ
625 4729 759 4802 προίεται
778 4724 812 4788 οό
833 4726 931 4803 γονήν,
953 4723 1026 4788 ἀλλὰ
1048 4726 1142 4801 κόημα
1168 4725 1206 4786 τά
1227 4723 1390 4797 καλοάμενα
1410 4724 1570 4797 σπέρματα.
1605 4727 1654 4781 καὶ
