4117 5617
449 581 510 640 102
927 584 951 634 5.
968 578 1214 635 EMPEDOCLES
1294 594 1298 599 ·

443 747 614 824 προσάγειν·
633 746 704 820 ήχου
721 751 750 807 δὲ
764 744 884 816 ἐνόντος
901 746 932 805 ἐν
950 742 1021 807 ῶσίν
1038 745 1056 821 ἢ
1071 752 1165 818 χυλῶν
1183 744 1215 805 ἐν
1226 742 1321 820 γεόσει
1338 751 1387 804 καί
1406 740 1495 821 όσμής
1511 745 1542 804 ἐν
1562 739 1705 820 ὀσφρήσει

443 833 612 911 κωφότεραι
629 840 720 893 πᾶσαι
737 837 868 907 γίνονται
885 835 968 906 (καὶ)
984 839 1096 905 μᾶλλον
1115 826 1187 891 όσωι
1205 830 1242 892 ἀν
1254 828 1370 907 πλήρεις
1388 823 1441 890 ῶσι
1459 836 1518 890 τῶν
1537 828 1659 904 όμοίων,
1678 835 1707 892 εἰ

444 919 483 997 μή
500 944 543 990 τις
559 922 676 993 λεχθείη
694 923 760 989 περὶ
777 913 890 977 τοότων
909 914 1064 989 διορισμός.

547 1002 636 1064 ἔτιδὲ
659 1002 693 1062 τό
716 1008 783 1074 περὶ
805 1003 856 1076 τήν
879 999 1038 1077 ἀπορροήν,
1056 1008 1164 1074 καίπερ
1188 996 1240 1075 οὐχ
1263 1001 1370 1071 ἱκανῶς
1387 998 1546 1077 λεγόμενον
1565 1008 1632 1075 περὶ
1649 1005 1705 1074 μὲν
1724 1005 1756 1055 2⁰

409 1096 423 1144 5
445 1091 498 1160 τάς
515 1090 603 1159 άλλας
621 1084 700 1160 ὅμως
718 1085 777 1146 ἐστι
795 1110 857 1157 πως
873 1084 1042 1164 όπολαβεῖν,
1060 1092 1126 1159 περὶ
1144 1089 1173 1147 δὲ
1190 1086 1241 1161 τήν
1259 1083 1335 1160 όιφήν
1351 1093 1400 1146 καί
1417 1093 1514 1162 γεῦσιν
1532 1083 1567 1147 οό
1584 1084 1706 1163 ῥάιδιον.

445 1182 508 1246 πῶς
524 1175 580 1251 γάρ
599 1181 644 1250 τήι
658 1168 803 1248 ἀπορροῆι
819 1176 962 1245 κρίνωμεν
979 1171 996 1246 ή
1014 1178 1077 1241 πῶς
1094 1169 1275 1245 ἐναρμόττον
1293 1182 1355 1240 τοῖς
1371 1168 1476 1245 πόροις
1493 1173 1529 1232 τό
1546 1173 1639 1247 τραχὺ
1654 1180 1706 1232 καὶ

446 1262 481 1322 τό
499 1269 579 1320 λεῖον
584 1281 596 1326 ;
619 1256 713 1331 μόνου
729 1258 785 1334 γάρ
808 1265 890 1318 δοκεῖ
904 1264 964 1317 τῶν
982 1261 1136 1331 στοιχείων
1158 1263 1212 1316 τοῦ
1228 1255 1320 1329 πυρός
1343 1251 1493 1330 ἀπορρεῖν,
1512 1252 1572 1317 ἀπό
1596 1261 1626 1319 δέ
1644 1264 1706 1318 τῶν

446 1347 541 1408 ἄλλων
558 1340 682 1413 οὐδενός.
713 1342 754 1403 ἔτι
771 1339 800 1402 δ’
818 1345 846 1404 εἰ
860 1340 877 1417 ή
894 1347 993 1417 φθίσις
1010 1342 1055 1402 διά
1073 1341 1124 1416 τήν
1136 1337 1296 1415 ἀπορροήν,
1313 1333 1404 1415 αόιπερ
1415 1349 1519 1416 χρῆται
1529 1340 1706 1404 κοινοτάτωι

447 1434 574 1506 σημείωι,
596 1433 748 1504 συμβαίνει
765 1432 794 1490 δὲ
811 1434 860 1488 καί
878 1427 929 1496 τὰς
948 1423 1041 1499 όσμάς
1063 1424 1208 1501 ἀπορροῆι
1224 1431 1364 1502 γίνεσθαι,
1386 1427 1423 1488 τά
1445 1432 1580 1503 πλείστην
1598 1426 1706 1501 ἔχοντα

396 1521 425 1571 10
448 1513 539 1591 όσμήν
556 1509 673 1589 τάχιστ’
690 1515 777 1589 ἐχρῆν
789 1517 974 1587 φθείρεσθαι
1008 1519 1060 1573 νῦν
1078 1516 1107 1573 δὲ
1126 1511 1229 1587 σχεδόν
1240 1511 1379 1581 ἐναντίως
1396 1510 1464 1587 ἔχει·
1483 1512 1519 1573 τά
1530 1512 1588 1587 γάρ
1607 1506 1705 1584 όσμω-

446 1605 569 1662 δέστατα
587 1606 646 1660 τῶν
657 1606 755 1674 φυτῶν
770 1604 821 1659 καί
834 1604 893 1658 τῶν
905 1596 1000 1658 άλλων
1016 1598 1079 1659 ἐστὶ
1089 1594 1280 1672 χρονιιότατα.
1309 1602 1460 1669 συμβαίνει
1477 1601 1507 1659 δε
1523 1603 1573 1658 καί
1589 1598 1638 1677 ἐπὶ
1655 1604 1706 1672 τῆς

448 1691 549 1756 Φιλίας
561 1681 636 1754 όλως
646 1683 685 1758 μή
696 1681 769 1744 εἰναι
781 1683 913 1758 αἴσθησιν
924 1681 941 1756 ἢ
952 1675 1041 1757 ήττον
1053 1684 1098 1743 διά
1107 1683 1142 1743 τό
1156 1685 1359 1757 συγκρίνεσθαι
1368 1681 1436 1745 τότε
1447 1689 1497 1743 καί
1507 1682 1545 1759 μή
1555 1677 1706 1756 ἀπορρεῖν.

548 1783 622 1848 ἀλλά
643 1791 709 1858 περὶ
731 1787 784 1857 μὲν
806 1785 857 1858 τήν
878 1781 968 1861 ἀκοήν
990 1781 1062 1846 όταν
1082 1781 1195 1846 ἀποδῶι
1216 1794 1278 1852 τοῖς
1301 1781 1413 1844 ἔσωθεν
1434 1789 1568 1860 γίνεσθαι
1586 1783 1706 1861 ψόφοις,
1724 1786 1754 1837 21

446 1873 561 1935 ἀτοπον
578 1871 613 1931 τό
633 1870 747 1931 οἴεσθαι
765 1877 849 1944 δῆλον
867 1868 940 1930 εἰναι
957 1878 1019 1939 πῶς
1030 1867 1193 1938 α’κοόουσιν,
1212 1868 1294 1930 ἔνδον
1306 1865 1467 1943 ποιήσαντα
1485 1871 1587 1946 ψόφον
1605 1867 1706 1944 ῶσπερ

312 1986 314 1988 ’
397 1961 425 2012 15
444 1956 589 2026 κώδωνος.
623 1962 682 2015 τῶν
699 1956 826 2030 μὲνγὰρ
849 1953 903 2025 ἔξω
925 1950 962 2015 δι’
979 1956 1092 2016 ἐκεῖνον
1114 1952 1268 2028 ἀκούομεν,
1289 1955 1402 2015 ἐκείνου
1419 1957 1450 2016 δὲ
1472 1962 1642 2030 ψοφοῦντος
1659 1958 1706 2017 διὰ

447 2048 493 2111 τί;
516 2049 602 2103 τοῦτο
626 2041 683 2116 γάρ
701 2035 773 2101 αὐτό
798 2043 928 2101 λείπεται
949 2046 1052 2116 ζητεῖν.
1086 2036 1204 2111 ἀτόπως
1225 2045 1256 2102 δὲ
1276 2046 1326 2101 καί
1347 2039 1382 2100 τό
1406 2046 1472 2113 περὶ
1489 2040 1540 2114 τήν
1564 2040 1709 2117 ὄσφρησιν

447 2128 567 2204 εἴρηκεν.
601 2132 721 2200 πρῶτον
737 2128 791 2197 μὲν
807 2125 864 2201 γάρ
883 2121 917 2186 οῦ
928 2126 1027 2200 κοινήν
1045 2129 1139 2186 αἰτίαν
1152 2121 1311 2188 ἀπέδωκεν·
1330 2124 1391 2185 όνια
1408 2128 1461 2198 μὲν
1477 2126 1534 2200 γάρ
1547 2122 1623 2196 ὅλως
1642 2122 1705 2187 οὐδ’

447 2209 585 2275 ἀναπνέει
601 2217 661 2270 τῶν
674 2205 920 2284 όσφραινομὲνων.
948 2209 1046 2272 ἔπειτα
1064 2211 1100 2272 τό
1117 2209 1241 2284 μάλιστα
1260 2208 1472 2287 ὀσφραίνεσθαι
1488 2211 1556 2279 τοὺς
1568 2219 1706 2272 πλεῖστον

448 2298 665 2369 ἐπισπομένους
676 2294 790 2371 εὔηθες·
810 2290 894 2355 οῦδὲν
911 2297 967 2372 γάρ
981 2296 1088 2371 ὄφελος
1104 2297 1143 2372 μή
1154 2293 1334 2372 όγιαινοόσης
1351 2294 1369 2370 ή
1384 2295 1423 2371 μή
1435 2291 1628 2372 ἀνεωιγμόνης
1645 2319 1708 2365 πως

396 2389 426 2439 20
447 2390 496 2457 τῆς
508 2377 678 2455 αἰσθήσεως.
708 2388 827 2450 πολλοῖς
838 2384 868 2441 δὲ
885 2385 1036 2458 συμβαίνει
1048 2388 1239 2456 πεπηρῶσθαι
1254 2388 1304 2442 καί
1317 2378 1392 2451 όλως
1407 2384 1493 2458 μηδὲν
1505 2379 1708 2460 αἰσθάνεσθαι.

448 2467 525 2543 πρός
543 2468 572 2527 δὲ
589 2462 703 2534 τοότοις
721 2466 749 2525 οἳ
766 2464 904 2526 δόσπνοοι
921 2473 970 2527 καί
988 2469 1016 2526 οῖ
1034 2473 1196 2536 πονοῦντες
1217 2472 1267 2526 καί
1286 2468 1314 2527 οἱ
1331 2460 1523 2536 καθεόδοντες
1539 2474 1652 2539 μᾶλλον
1670 2465 1708 2527 όν

449 2549 637 2612 αἰσθάνοιντο
656 2557 715 2610 τῶν
734 2545 845 2624 όσμῶν·
868 2550 921 2611 τόν
938 2552 1149 2627 πλεῖστον’γάρ
1168 2549 1299 2611 ἕλκουσιν
1322 2548 1415 2627 ἀέρα.
1439 2558 1490 2613 νῦν
1506 2553 1536 2612 δὲ
1555 2555 1708 2627 συμβαίνει

448 2632 628 2697 τούναντίον.
698 2632 733 2695 οό
755 2637 812 2712 γάρ
836 2636 906 2705 ἴσως
927 2633 1002 2697 καθ’
1019 2634 1091 2697 αῦτό
1115 2636 1150 2695 τό
1174 2631 1314 2697 ἀναπνεῖν
1337 2637 1431 2698 αἴτιον
1454 2643 1503 2712 τῆς
1526 2631 1708 2710 ὀσφρήσεως,
1726 2636 1754 2688 ²2

449 2717 520 2782 ἀλλά
538 2719 614 2779 κατά
632 2717 821 2796 συμβεβηκός,
845 2718 885 2790 ῶς
902 2719 935 2781 ἐκ
952 2744 983 2782 τε
1007 2728 1067 2782 τῶν
1085 2721 1182 2782 ἄλλων
1199 2718 1294 2793 ζιόιων
1315 2734 1503 2796 μαρτυρεῖται
1519 2726 1568 2781 καί
1584 2721 1631 2782 διὰ
1647 2727 1709 2780 τῶν

398 2811 428 2862 25
449 2806 605 2880 εἰρημένων
622 2812 741 2864 παθῶν·
761 2802 777 2864 ό
795 2801 823 2864 δ’
841 2803 881 2874 ῶς
898 2802 1002 2882 ταότης
1024 2806 1111 2882 οῦσης
1128 2803 1178 2882 τής
1196 2809 1290 2875 αἰτίας
1306 2813 1356 2866 καί
1373 2808 1421 2867 ἐπὶ
1438 2809 1512 2866 τέλει
1529 2798 1615 2866 πάλιν
1633 2805 1708 2880 εἰρη-

448 2914 500 2952 κεν
517 2886 616 2963 ῶσπερ
638 2888 897 2965 ἐπισημαινόμενος
914 2884 997 2952 ζτόδε
1008 2924 1044 2936 -
1056 2886 1187 2963 όσμῶν’
1205 2893 1248 2959 [fr.
1262 2897 1329 2959 1021.
1366 2886 1419 2952 οῦκ
1436 2887 1541 2966 άληθές
1557 2894 1623 2964 (δὲ)
1641 2886 1708 2951 οῦδὲ

449 2978 484 3037 τό
501 2973 624 3048 μάλιστα
640 2968 852 3049 ὀσφραίνεσθαι
870 2982 929 3036 τῶν
939 2973 1067 3050 κοῦφων,
1085 2972 1158 3036 ἀλλά
1175 2982 1221 3036 δεῖ
1233 2982 1283 3035 καί
1297 2971 1388 3052 όσμήν
1399 2974 1577 3052 ἐνυπάρχειν.
1614 2977 1631 3035 ό
1650 2977 1708 3051 γάρ

450 3060 505 3137 ἀήρ
522 3068 572 3121 καί
588 3059 623 3120 τό
642 3067 698 3132 πῦρ
716 3057 888 3135 κουφότατα
904 3063 966 3133 μέν,
985 3057 1019 3121 οῦ
1037 3067 1154 3122 ποιοῦσι
1172 3067 1201 3120 δὲ
1218 3059 1352 3136 αἴσθησιν
1371 3057 1467 3136 όσμής.

553 3160 691 3231 ῶσαότως
708 3157 736 3221 δ’
754 3161 790 3222 όν
808 3185 850 3231 τις
860 3167 910 3222 καὶ
928 3168 995 3235 περί
1010 3162 1062 3237 τήν
1075 3160 1216 3238 φρόνησιν
1229 3159 1410 3237 ἀπορήσειεν,
1427 3165 1455 3223 εἰ
1464 3165 1521 3238 γάρ
1533 3169 1592 3222 τῶν
1610 3159 1709 3223 αὐτῶν
1726 3166 1755 3216 23

399 3269 428 3320 30
449 3262 529 3312 ποιεῖ
543 3255 593 3309 καὶ
610 3248 662 3322 τήν
680 3247 820 3321 αἴσθησιν.
855 3253 904 3306 καὶ
921 3246 978 3320 γάρ
996 3243 1113 3307 ἅπαντα
1130 3249 1245 3320 μεθέξει
1267 3254 1321 3308 τοῦ
1337 3259 1465 3321 φρονεῖν.
1501 3254 1550 3307 καὶ
1568 3241 1628 3320 ἅμα
1646 3254 1710 3317 πῶς

449 3337 592 3409 ἐνδέχεται
609 3339 657 3393 καί
674 3333 707 3392 ἐν
728 3328 879 3394 ἀλλοιώσει
895 3338 945 3391 καί
961 3329 1019 3392 όπό
1038 3340 1092 3394 τοῦ
1113 3330 1221 3406 δμοίου
1236 3337 1371 3408 γίνεσθαι
1387 3333 1423 3392 τό
1445 3345 1580 3407 φρονεῖν,·
1596 3333 1632 3392 τό
1651 3333 1709 3408 γάρ

452 3417 556 3494 όμοιον
573 3415 626 3479 οῦκ
638 3414 803 3479 ἀλλοιοῦται
820 3423 872 3477 τῶι
886 3415 1000 3489 όμοίωι.
1035 3417 1069 3482 τό
1088 3420 1119 3496 δὲ
1136 3419 1168 3492 δή
1186 3423 1239 3478 τῶι
1251 3416 1348 3490 αίματι
1360 3429 1481 3491 φρονεῖν
1498 3423 1548 3477 καί
1559 3423 1710 3486 παντελῶς

450 3507 576 3568 άτοπον·
594 3504 756 3578 πολλὰγὰρ
774 3509 834 3561 τῶν
850 3501 946 3574 ζῶιων
958 3501 1075 3574 άναιμα.
1093 3509 1153 3562 τῶν
1170 3506 1200 3563 δὲ
1211 3503 1338 3575 ἐναίμων
1356 3502 1391 3562 τά
1410 3507 1477 3575 περί
1494 3503 1546 3571 τάς
1559 3499 1708 3576 αἰσθήσεις

451 3586 631 3662 άναιμότατα
644 3593 703 3646 τῶν
711 3592 818 3659 μερῶν.
841 3583 883 3645 ότι
893 3593 942 3646 καί
952 3582 1120 3668 όστοῦνκαί
1129 3593 1197 3661 θρίξ
1207 3583 1372 3647 αἰσθάνοιτ’
1381 3585 1426 3656 ἄν,
1438 3587 1500 3666 ἐπεί
1513 3579 1565 3647 οῦν
1576 3587 1609 3657 ἐξ
1619 3584 1709 3648 ἁπάν-

399 3694 429 3743 35
450 3699 509 3735 των
520 3674 580 3733 ἐστὶ
592 3678 651 3732 τῶν
661 3675 820 3746 στοιχείων.
847 3677 896 3730 καί
908 3675 1059 3748 συμβαίνει
1071 3668 1178 3732 ταῦτδν
1187 3669 1261 3732 εἰναι
1273 3671 1308 3731 τό
1321 3682 1443 3746 φρονεῖν
1453 3681 1504 3733 καί
1516 3668 1710 3736 αἰσθάνεσθαι

450 3763 500 3817 καί
512 3752 630 3831 ήδεσθαι
640 3762 689 3815 καί
703 3755 772 3828 (τό)
783 3763 935 3816 λυπεῖσθαι
946 3762 995 3816 καί
1007 3755 1062 3825 [τό]
1076 3752 1204 3832 ἀγνοεῖν·
1219 3755 1305 3829 άμφω
1317 3756 1374 3831 γάρ
1386 3768 1468 3817 ποιεῖ
1474 3768 1536 3826 τοῖς
1547 3752 1709 3829 ἀνομοίοις.

451 3838 529 3901 ὥσθ’
546 3836 606 3912 ἅμα
624 3847 677 3900 τῶι
693 3843 747 3913 μὲν
765 3836 883 3915 ἀγνοεῖν
901 3839 956 3902 ἔδει
973 3846 1108 3917 γίνεσθαι
1125 3838 1223 3917 λόπην,
1241 3847 1295 3900 τῶι
1311 3843 1342 3901 δὲ
1354 3853 1475 3916 φρονεῖν
1492 3835 1603 3915 ήδονήν.
1703 3891 1706 3895 .

553 3940 667 4002 ἄτοπον
684 3945 780 4002 δὲκαὶ
797 3942 832 4002 τό
850 3942 903 4011 τάς
920 3944 1051 4014 δυνάμεις
1068 3941 1200 4012 ἑκάστοις
1211 3943 1378 4019 ἐγγίνεσθαι
1394 3944 1441 4005 διά
1458 3943 1509 4018 τήν
1526 3943 1558 4003 ἐν
1575 3955 1637 4013 τοῖς
1653 3967 1708 4016 μο-
1726 3948 1758 3999 24

452 4031 528 4102 ρίοις
544 4033 598 4088 τοῦ
615 4026 737 4100 αἰματος
753 4025 918 4103 σύγκρασιν,
936 4025 976 4098 ῶς
992 4026 1010 4103 ἢ
1026 4027 1078 4102 τήν
1089 4034 1231 4102 ,γλῶτταν
1249 4031 1346 4088 αἰτίαν
1368 4036 1420 4090 τοῦ
1437 4021 1469 4090 εό
1490 4029 1582 4103 λέγειν
1595 4021 1709 4102 (οὖσαν

401 4135 431 4186 40
450 4111 555 4190 ή),τάς
564 4124 664 4187 χεῖρας
675 4120 728 4174 τοῦ
740 4119 927 4188 δημιουργεῖν,
945 4109 1010 4175 ἀλλ’
1029 4108 1083 4174 οῦκ
1096 4108 1223 4188 όργάνου
1240 4110 1320 4184 τάξιν
1332 4112 1445 4188 ἔχοντα.
1474 4113 1519 4173 διό
1537 4120 1709 4186 καὶμᾶλλον

303 4199 307 4205 ’
452 4197 490 4261 ἄν
506 4221 549 4268 τις
566 4193 689 4274 ἀποδοίη
706 4204 752 4273 τήι
767 4204 877 4273 μορφήι
894 4199 946 4273 τήν
963 4200 1060 4281 αἰτίαν
1078 4194 1095 4272 ἢ
1112 4204 1156 4272 τήι
1173 4195 1275 4272 κράσει
1292 4205 1345 4260 τοῦ
1363 4197 1493 4272 αἵματος,
1510 4194 1527 4272 ἢ
1543 4205 1634 4272 χωρίς
1650 4206 1709 4261 δια-

451 4288 536 4352 νοίας
551 4284 642 4343 ἐστίν·
661 4279 753 4352 οῦτως
769 4283 825 4358 γάρ
844 4281 902 4358 ἔχει
919 4289 969 4344 καί
985 4283 1033 4343 ἐπὶ
1050 4290 1109 4344 τῶν
1127 4282 1221 4344 ἄλλων
1233 4280 1334 4356 ζῶιων.
1369 4277 1405 4347 ’E
1423 4286 1476 4356 μὲν
1494 4276 1546 4344 οόν
1564 4281 1658 4345 ἐοικεν
1676 4285 1709 4346 ἐν

452 4377 571 4438 πολλοῖς
588 4367 797 4442 διαμαρτάνειν.
1637 4398 1640 4402 Δ

555 4470 1106 4543 87.An1sw.degon.etcorr.As.324b26
1118 4480 1179 4538 τοῖς
1188 4471 1240 4541 μὲν
1250 4461 1301 4529 σόν
1311 4477 1391 4531 δοκεῖ
1398 4469 1520 4546 πάσχειν
1528 4468 1653 4531 ἕκαστον
1662 4466 1709 4533 διά

402 4577 432 4625 45
453 4578 539 4615 τινων
556 4555 659 4630 πόρων
671 4554 813 4624 εἰσιόντος
830 4562 884 4615 τοῦ
895 4562 1051 4624 ποιοῦντος
1064 4552 1190 4628 ἐσχάτου
1206 4560 1255 4613 καὶ
1266 4553 1454 4627 κυριωτάτου,
1470 4561 1520 4614 καί
1531 4561 1637 4615 τοῦτον
1655 4555 1709 4616 τόν

453 4641 567 4713 τρόπον
582 4648 631 4700 καί
650 4638 725 4717 όρῦν
741 4647 791 4700 καὶ
808 4636 925 4701 ἀκοόειν
942 4637 1015 4714 ήμάς
1026 4661 1098 4714 φασι
1116 4644 1165 4698 καί
1182 4638 1234 4708 τάς
1250 4637 1339 4709 άλλας
1357 4641 1503 4715 αἰσθήσεις
1515 4637 1710 4701 αἰσθάνεσθαι

455 4727 559 4795 πάσας,
578 4723 619 4785 ἔτι
636 4729 666 4786 δὲ
679 4724 808 4800 δρᾶσθαι
825 4723 872 4786 διά
889 4747 921 4786 τε
940 4721 1027 4798 ἀέρος
1043 4730 1094 4784 καί
1106 4720 1211 4793 όδατος
1226 4730 1351 4791 καὶτῶν
1364 4731 1520 4797 διαφανῶν,
1536 4723 1581 4786 διά
1599 4723 1635 4785 τό
1654 4726 1710 4786 πό·
