4117 5617
919 607 1140 663 PRAEFATIO
1604 611 1658 666 Vll

403 771 548 825 contextu
575 771 636 824 tam
663 762 742 824 clare
770 764 968 845 praescriptus
996 764 1168 839 videbatur,
1195 774 1229 826 ut
1254 764 1454 840 dispositionis
1484 764 1568 825 filum
1590 766 1661 827 satis

401 875 482 927 certo
513 886 568 947 per
598 864 739 947 pleraque
767 886 802 928 ac
829 866 1001 946 gravissima
1029 866 1176 947 fragmina
1204 867 1340 948 persequi
1367 865 1473 930 liceret.
1523 867 1591 929 talis
1617 877 1662 929 est

401 968 535 1030 condicio
547 967 822 1049 Empedocleorum,
837 987 913 1048 quae
935 968 974 1029 ad
994 968 1093 1031 lucem
1114 968 1313 1050 amplissimae
1327 968 1591 1051 doxographorum
1602 992 1660 1031 me·

400 1071 512 1134 moriae
532 1070 647 1152 egregie
668 1070 872 1152 explanantur
892 1092 928 1132 ac
949 1071 1158 1152 disponuntur.

490 1173 527 1234 de
549 1172 666 1236 delectu
687 1184 790 1237 nostro
811 1182 966 1255 poetarum
987 1174 1044 1237 hoc
1067 1175 1193 1238 breviter
1213 1174 1396 1236 monendum
1410 1184 1463 1238 est
1499 1176 1661 1256 recepimus

402 1274 526 1336 Eleatae
547 1285 577 1336 et
590 1275 803 1358 Empedoclem
825 1286 976 1358 tamquam
998 1276 1161 1339 medullam
1182 1276 1271 1339 huius
1292 1298 1423 1358 poeseos.
1466 1279 1514 1339 cui
1527 1277 1660 1340 Tbeletis

400 1386 431 1439 et
450 1377 608 1440 Cleostrati
630 1378 816 1461 Astrologias
838 1380 1049 1461 praemisimus,
1072 1381 1143 1461 quia
1163 1402 1201 1441 ex
1222 1380 1267 1441 his
1290 1379 1394 1442 studiis
1415 1379 1511 1441 ionica
1531 1379 1661 1462 philoso-

400 1481 474 1558 phia
494 1491 559 1545 orta
587 1492 647 1558 est,
675 1488 812 1564 quamvis
833 1483 969 1545 Thaletis
998 1485 1064 1564 ipsa
1084 1484 1243 1546 auctoritas
1264 1482 1356 1545 dubia
1377 1482 1421 1545 sit.
1465 1491 1561 1544 cetera
1581 1482 1661 1546 illius

401 1583 514 1645 saeculi
535 1585 666 1647 carmina
687 1584 772 1649 velut
792 1586 944 1648 Hesiodea
965 1596 996 1648 et
1017 1586 1149 1667 Orphica
1171 1586 1234 1647 aliis
1256 1585 1345 1647 huius
1364 1585 1502 1666 Corporis
1526 1586 1661 1666 partibus

399 1696 600 1750 reservantur.
643 1687 841 1770 sophistarum
861 1689 976 1769 poetica
997 1710 1060 1750 non
1083 1688 1180 1750 minus
1195 1687 1300 1769 procul
1314 1686 1405 1749 habui
1420 1708 1510 1768 quam
1524 1689 1660 1763 Socratis,

401 1787 494 1849 sidio
515 1789 626 1869 placet,
655 1790 791 1853 Platonis
813 1791 981 1854 Aristotelis
1003 1791 1146 1872 Diogenis
1174 1789 1306 1873 pericula
1333 1791 1460 1871 poetica,
1489 1811 1565 1872 quae
1586 1792 1662 1853 inter

401 1889 546 1971 elegiacos
571 1891 679 1973 lyricos
703 1893 830 1975 tragicos
851 1893 1056 1957 distribuenda
1076 1902 1164 1955 erunt
1190 1902 1225 1954 ut
1245 1890 1399 1954 Cleanthis
1420 1891 1551 1973 hymnus
1573 1903 1661 1974 atque

401 2000 497 2054 cetera
513 1994 662 2058 eiusmodi.
700 1996 877 2077 Scythinum
899 2007 998 2058 tamen
1012 2006 1042 2059 et
1056 1996 1256 2058 Menecratem
1270 1993 1366 2075 recepi
1379 1995 1448 2075 quia
1463 1994 1502 2057 ad
1516 1995 1661 2056 Heracliti

401 2094 624 2177 philosophiam
650 2099 799 2179 pertinent
824 2108 859 2161 ut
879 2099 946 2163 Silli
967 2100 1100 2161 Timonis
1127 2098 1165 2160 ad
1187 2097 1395 2179 Xenophanis.
1439 2096 1560 2158 omnino
1585 2096 1661 2158 face·

401 2198 506 2260 tissimi
533 2200 596 2261 eius
623 2221 727 2264 versus
753 2211 870 2264 tantum
899 2202 1059 2265 conferunt
1080 2201 1119 2263 ad
1139 2200 1335 2282 philosophos
1356 2209 1433 2262 recte
1454 2199 1661 2262 describendos

402 2310 433 2361 et
464 2300 685 2378 diiudicandos,
720 2313 755 2366 ut
775 2325 839 2368 non
860 2304 968 2366 iniuria
989 2305 1020 2364 in
1043 2303 1101 2367 hoc
1121 2302 1193 2365 orbe
1213 2311 1414 2367 numerentur.
1457 2302 1542 2364 Timo
1564 2310 1663 2363 autem

402 2411 432 2464 et
446 2403 592 2466 (iratetem
614 2405 706 2486 paulo
729 2410 908 2489 superiorem
924 2427 1024 2469 secum
1042 2406 1132 2468 traxit
1144 2415 1174 2467 et
1188 2405 1370 2468 Demetrium
1380 2403 1472 2486 paulo
1486 2404 1660 2480 inferiorem,

401 2526 491 2586 quem
512 2507 630 2588 quidem
650 2508 763 2590 primus
784 2509 842 2571 hoc
863 2508 928 2571 loco
950 2509 1103 2572 collocavi.

488 2631 583 2672 unum
608 2620 714 2687 restat,
736 2612 816 2693 quod
845 2621 930 2694 egeat
952 2612 1014 2676 sive
1035 2611 1232 2692 explicatione
1253 2611 1316 2673 sive
1336 2608 1534 2684 excusatione,
1555 2608 1661 2672 dialec·

402 2719 459 2772 tus.
503 2713 529 2774 si
553 2713 706 2795 vulgarem
730 2715 853 2778 modum
879 2714 1049 2797 probarem,
1073 2735 1160 2795 quem
1181 2713 1268 2774 etiam
1290 2712 1462 2775 Kaibelium
1482 2722 1568 2774 caute
1590 2732 1662 2774 sane

402 2823 536 2876 secutum
564 2816 664 2892 video,
692 2817 936 2900 philosophorum
965 2838 1144 2891 sermonem,
1172 2816 1223 2897 qui
1250 2815 1377 2896 elegiaco
1399 2814 1449 2878 vel
1470 2815 1552 2895 spico
1573 2835 1662 2878 versu

402 2924 535 2991 utuntur,
566 2918 605 2979 ad
626 2919 708 2981 ladis
729 2921 829 3001 opicae
850 2941 986 2983 normam
1007 2919 1228 2982 recensuissem.
1273 2918 1314 2980 sic
1335 2918 1504 2998 quicunque
1524 2926 1595 2978 ante
1615 2938 1662 2978 me

402 3006 647 3101 philosophorum
662 3023 767 3104 poesin
781 3023 967 3105 collegerunt
980 3023 1049 3084 inde
1064 3022 1102 3084 ab
1113 3021 1247 3084 Henrico
1262 3019 1416 3100 Stephano
1427 3018 1544 3081 Galliae
1559 3019 1662 3082 decore

402 3140 498 3201 usque
520 3122 558 3183 ad
579 3145 648 3185 eum
668 3125 827 3201 hominem,
850 3127 901 3207 qui
915 3125 1099 3188 Germanum
1121 3144 1232 3187 nomen
1254 3120 1335 3202 apud
1355 3129 1471 3183 exteros
1490 3123 1592 3185 infami
1607 3142 1663 3183 sua

401 3222 636 3304 fragmentorum
658 3227 775 3309 sylloge
796 3228 1010 3304 dehonestavit,
1033 3248 1135 3290 omnes
1156 3226 1349 3290 Homericum
1371 3225 1498 3287 colorem
1520 3225 1584 3287 sine
1598 3222 1663 3285 ulla

402 3323 588 3390 dubitatione
613 3330 786 3412 fragmentis
813 3330 1011 3394 obduxenrnt.
1055 3351 1181 3412 quorum
1202 3328 1371 3408 exemplum
1392 3349 1446 3409 ego
1469 3326 1551 3407 sequi
1571 3325 1663 3389 nolui

402 3448 472 3491 nam
509 3430 634 3495 Homeri
672 3435 804 3497 carmina
835 3435 1094 3516 grammaticorum
1126 3432 1401 3494 Alexandrinorum
1432 3451 1541 3493 manus
1572 3447 1663 3510 passa

403 3540 476 3592 sunt
496 3534 592 3596 varias
614 3537 745 3616 priorum
766 3538 911 3600 editiones
932 3537 1168 3618 comparantium
1186 3535 1464 3617 etexaequantium.
1508 3530 1663 3613 inquibus

403 3641 493 3695 antea
519 3635 613 3699 multo
642 3638 781 3700 maiorem
811 3639 927 3701 dialecti
954 3639 1153 3702 diversitatem
1179 3638 1272 3700 fuisse
1299 3659 1337 3698 ex
1365 3637 1453 3700 variis
1486 3632 1662 3696 lectionibus

402 3736 605 3817 exemplorum
626 3740 711 3804 velut
731 3741 878 3804 Platonici
900 3741 1111 3803 et·Zenodotei
1132 3740 1235 3803 elucet.
1280 3740 1330 3820 qui
1351 3740 1438 3820 igitur
1458 3734 1663 3800 deficientibus

361 3832 370 3847 ’
403 3834 578 3921 plerumque
606 3841 839 3924 fragmentorum
866 3843 939 3924 ipsis
967 3843 1093 3906 testibus
1119 3842 1158 3905 ad
1187 3843 1266 3904 hanc
1288 3861 1421 3903 normam
1442 3838 1600 3901 dialectum
1620 3857 1663 3898 re·

403 3939 523 4003 stituere
545 3952 634 4025 atque
656 3946 757 4008 omnia
778 3945 816 4007 de
838 3944 940 4007 eadem
961 3945 1061 4007 fidelia
1082 3945 1212 4007 colorare
1234 3943 1358 4018 studeat,
1380 3943 1407 4003 ei
1427 3941 1590 4005 verendum
1610 3947 1663 4011 est,

404 4062 445 4102 ne
467 4043 554 4106 simul
575 4046 732 4128 peculiaris
755 4049 917 4123 sermonis,
940 4048 1096 4129 praecipue
1118 4047 1215 4108 Italici
1236 4056 1266 4108 et
1286 4045 1454 4119 Siciliensis,
1477 4053 1578 4105 tenera
1599 4063 1663 4105 ves·

403 4145 475 4226 tigia
496 4147 645 4211 oblitteret
665 4159 695 4211 et
716 4149 853 4213 obducat.
897 4150 981 4213 cuius
1003 4150 1119 4231 generis
1140 4170 1203 4211 non
1225 4148 1313 4210 nulla
1334 4146 1472 4229 exempla
1491 4147 1521 4207 in
1541 4145 1663 4206 adnota-

403 4248 486 4310 tione
513 4250 580 4312 dedi
609 4261 639 4313 et
660 4252 781 4315 omnino
804 4253 884 4315 hanc
906 4253 1050 4315 rationem
1071 4253 1103 4312 in
1125 4250 1301 4313 Parmenide
1321 4271 1386 4312 meo
1409 4248 1551 4329 (Berolini
1568 4249 1663 4323 1897)

403 4373 434 4433 p.
458 4354 498 4415 27
520 4363 550 4415 et
570 4355 603 4415 in
624 4355 724 4417 Musei
745 4355 886 4418 Rhenani
908 4355 968 4421 vol.
990 4356 1069 4418 LVI
1090 4376 1119 4435 p.
1143 4358 1183 4416 35
1199 4375 1242 4434 sq.
1265 4352 1394 4415 defendi.
1436 4351 1575 4412 nimirum
1597 4349 1663 4410 titu-

401 4453 502 4516 lorum
524 4465 675 4519 erutorum
696 4458 875 4521 carminibus
902 4480 936 4522 ac
950 4458 1107 4540 praecipue
1122 4456 1243 4519 Solonis
1259 4453 1507 4535 Bacchylidisque
1521 4451 1664 4533 exemplis

403 4557 534 4638 antiquis
560 4561 681 4640 repertis
709 4560 747 4621 de
772 4560 889 4623 dialecti
917 4561 998 4643 apud
1024 4569 1127 4641 poetas
1149 4559 1317 4621 constantia
1337 4557 1443 4619 fortius
1465 4577 1553 4638 quam
1575 4565 1664 4617 anoea

402 4659 539 4722 dubitare
553 4661 715 4726 didicimus.
760 4662 886 4726 forsitan
901 4685 977 4745 quae
991 4684 1074 4725 nunc
1088 4662 1241 4725 arbitraria
1255 4683 1319 4723 esse
1332 4660 1479 4735 videntur,
1495 4659 1565 4721 olim
1579 4678 1663 4720 secus

403 4783 436 4825 se
465 4761 573 4824 habere
601 4764 798 4847 intellegatur.
844 4787 927 4828 nunc
955 4764 1091 4847 equidem
1119 4764 1282 4846 quidquam
1310 4761 1501 4845 praeiudicati
1529 4762 1560 4822 in
1584 4759 1663 4822 hanc
