4117 5617
755 567 856 624 TEST.
873 569 991 624 VITAE
1006 574 1118 624 46-47,
1528 568 1570 629 33

416 741 460 792 46.
477 767 511 778 -
529 741 571 804 ²0,
584 742 600 793 3
618 737 662 803 [D.
675 741 735 804 348]
753 741 787 799 Ξ.
799 736 833 796 ἐκ
844 741 941 810 νεφῶν
952 738 1167 808 πεπυρωμένων
1184 734 1257 795 είναι
1274 734 1328 796 τὸν
1338 731 1428 809 ἥλιον.
1453 738 1519 806 [hoo
1533 755 1569 796 απ

313 822 506 892 Theophrasto
522 837 573 892 por
588 822 778 890 Posidonium,
794 823 918 893 nequitur
933 823 1020 893 ipsius
1036 823 1174 894 Theophs.
1191 825 1310 895 eologazl
1330 819 1521 897 θεόφραστος
1536 825 1570 883 ἐν

314 917 378 975 ταῖς
396 911 534 973 Φυσικοῖς
551 906 594 972 [fr.
609 911 651 972 16]
667 907 813 982 γέγραφεν
829 907 863 966 ἐκ
880 911 1018 981 πυριδίων
1035 913 1094 965 τῶν
1110 908 1382 981 συναθροιζομένων
1397 909 1452 979 μέν
1468 907 1503 968 ἐκ
1518 914 1569 982 τῆς

313 986 406 1066 όγρᾶς
423 985 655 1062 άνκθυμιάσεως,
673 989 929 1066 συναθροιζόντων
946 994 976 1052 δὲ
992 994 1047 1051 τόν
1064 984 1153 1067 ἡλιον.

416 1133 460 1184 41.
477 1159 511 1169 -
528 1128 557 1184 Π
568 1133 640 1195 24,4
658 1129 703 1194 [D.
715 1133 775 1193 354]
799 1131 832 1188 Ξ.
852 1124 929 1188 κατὰ
954 1130 1052 1203 σβέσιν
1075 1134 1121 1198 [so.
1139 1130 1190 1202 τήν
1212 1127 1347 1202 ἔκλειψιν,
1364 1131 1464 1186 metius
1481 1126 1570 1196 δόσιν,

316 1210 401 1286 ἡλίου
411 1217 556 1288 γίνεσθαι]
573 1210 676 1287 έτερον
692 1214 722 1272 δέ
734 1211 820 1273 πάλιν
838 1224 900 1281 ταῖς
912 1207 1069 1282 ἀνατολαῖς
1085 1217 1228 1288 γίνεσθαι.
1258 1211 1455 1289 παριστόρηκε
1472 1215 1503 1273 δὲ
1518 1219 1569 1272 καί

313 1299 444 1372 ἐκλειεριν
461 1294 542 1372 ἡλίου
558 1295 605 1372 ἐφ’
628 1296 701 1356 ὅλον
722 1304 798 1372 μῆνα
824 1301 873 1355 καί
895 1294 982 1356 πάλιν
1004 1295 1131 1372 ἔκλειψιν
1152 1298 1259 1371 ἐντελῆ,
1283 1290 1358 1358 ῶστε
1379 1297 1433 1372 τήν
1457 1293 1568 1372 ἡμέραν

314 1382 404 1443 νάκτα
420 1388 546 1457 φανῆναι
564 1384 604 1450 [in
620 1400 732 1440 oensum
743 1384 860 1440 veniunt
870 1385 984 1454 eclipses
995 1385 1097 1440 totaloe
1113 1402 1138 1440 α.
1151 1389 1209 1440 542.
1222 1389 1280 1440 531.
1293 1390 1351 1442 636.
1367 1390 1425 1440 517.
1438 1390 1497 1442 563.
1510 1390 1568 1441 562.

313 1475 375 1526 493.
385 1475 446 1526 477.
457 1474 508 1525 476
525 1467 560 1524 of.
579 1468 675 1525 Ginzol
692 1468 796 1523 Καοοπ
812 1485 839 1538 p.
852 1474 973 1540 545qq.l.

416 1593 459 1644 41.
476 1620 512 1629 —
527 1589 638 1656 1124‚9
658 1587 703 1653 [1).
715 1592 774 1652 355]
797 1592 830 1649 Ξ.
848 1584 974 1656 πολλοὺς
996 1585 1068 1646 εἶναι
1087 1584 1184 1660 ἡλίους
1200 1595 1249 1646 καί
1272 1586 1394 1661 σελήνας
1414 1586 1490 1647 κατά
1509 1591 1568 1645 κλί-

313 1695 393 1743 ματα
414 1677 466 1745 τῆς
486 1678 538 1746 γῆς
553 1675 604 1730 καί
625 1665 780 1741 άποτομὰς
802 1675 852 1730 καί
873 1669 976 1742 ζώνας,
997 1668 1073 1733 κατά
1091 1675 1122 1732 δέ
1143 1695 1207 1731 τινα
1224 1671 1331 1746 καιρὸν
1347 1672 1498 1732 ἐκπίπτειν
1514 1669 1568 1731 τόν

313 1761 415 1816 δίσκον
431 1757 472 1825 είς
488 1778 552 1815 τινα
564 1751 718 1830 άποτομὴν
734 1760 785 1830 τῆς
801 1761 853 1830 γῆς
872 1751 925 1815 οόκ
937 1758 1107 1831 οἰκουμένην
1122 1752 1176 1830 ὕφ’
1193 1753 1340 1832 ἡμῶνκαὶ
1357 1749 1450 1826 οότως
1467 1750 1567 1831 ῶσπερ

313 1847 549 1916 κενεμβατοῦντα
571 1838 699 1915 ἔκλειψιν
719 1836 903 1915 ὑποφαίνειν·
928 1837 945 1900 ό
969 1838 995 1900 δ’
1019 1838 1108 1911 αὐτὸς
1129 1843 1183 1901 τὸν
1206 1835 1288 1916 ήλιον
1310 1844 1351 1911 είς
1373 1840 1497 1918 ἄπειρον
1514 1844 1568 1913 μὲν

317 1928 461 2001 προϊέναι,
479 1933 574 1985 δοκεῖν
591 1927 621 1984 δὲ
637 1930 803 1984 κυκλεῖσθαι
821 1926 865 1985 διά
883 1922 936 2000 τήν
952 1921 1125 1986 άπόοτασιν.

416 2051 459 2102 42.
476 2075 511 2088 ·-
527 2047 557 2102 11
574 2051 617 2113 36,
634 2049 650 2100 8
668 2045 713 2110 [D.
726 2050 785 2112 362]
803 2050 836 2108 Ξ.
854 2043 909 2105 τὸν
925 2047 979 2117 μέν
995 2038 1079 2119 ἡλιον
1094 2049 1237 2120 χρήσιμον
1260 2043 1334 2105 είναι
1352 2042 1428 2119 πρὸς
1443 2040 1496 2116 τήν
1512 2049 1567 2102 τοῦ

313 2132 495 2275 zum?
511 2126 567 2204 τήν
581 2135 642 2188 τῶν
658 2128 691 2188 ἐν
708 2124 798 2188 αότῶι
809 2129 904 2200 ζῶιων
921 2133 1036 2205 γένεσίν
1052 2153 1084 2190 τε
1100 2137 1149 2190 καί
1161 2135 1309 2206 διοίκησιν,
1331 2132 1384 2203 τήν
1401 2131 1431 2189 δὲ
1448 2130 1568 2202 σελήνην

359 2237 377 2291 ρ
471 2255 478 2270 .

416 2340 459 2390 43.
476 2365 512 2374 -
528 2335 557 2390 11
575 2339 617 2400 25,
633 2339 650 2388 4
669 2334 713 2400 [D.
726 2339 786 2400 356]
804 2338 838 2396 Ξ.
856 2335 945 2407 νέφος
971 2333 1043 2396 είναι
1066 2336 1259 2409 πεπιλημένον
1284 2340 1331 2401 [oo.
1353 2334 1406 2406 τήν
1429 2330 1568 2407 σελήνην]

314 2419 561 2486 H28‚1[D·35⁸l
583 2414 809 2492 Ἀναξίμανδρος,
831 2418 1007 2495 Ξενοφάνης,
1030 2419 1168 2493 Βήρωσος
1190 2418 1263 2479 ίδιον
1287 2414 1376 2492 αότήν
1398 2415 1474 2491 ἐχειν
1495 2422 1567 2489 φῶς.

314 2505 342 2560 Π
354 2509 424 2572 29,5
442 2505 487 2571 [1).
499 2508 559 2570 366]
577 2506 611 2565 Ξ.
627 2508 677 2562 καί
694 2501 897 2591 τὴνμηνιαίαν
913 2501 1080 2580 άπόκρυψιν
1096 2504 1172 2566 κατά
1192 2506 1291 2575 σβέσιν
1308 2511 1354 2571 [so.
1372 2506 1523 2578 γίνεσθαι]

417 2629 460 2679 44.
477 2654 511 2663 -
528 2624 570 2678 ΠΙ
587 2628 612 2690 2,
631 2628 662 2678 11
681 2624 727 2689 [D.
744 2629 803 2690 367]
830 2627 864 2687 Ξ.
887 2623 982 2684 πάντα
1006 2621 1043 2684 τά
1066 2629 1187 2683 τοιαῦτα
1205 2630 1252 2691 [oo.
1274 2623 1412 2696 κομήτας,
1429 2622 1569 2681 διάιττον-

315 2728 377 2778 τας,
395 2711 517 2775 δοκίδας]
535 2713 631 2781 νεφῶν
649 2710 864 2782 πεπυρωμένων
881 2707 1047 2783 συστήματα
1065 2706 1083 2783 ή
1101 2710 1242 2783 κινήματα
1260 2706 1413 2782 [πιλήματα
1433 2708 1538 2773 Zellerl.

416 2832 462 2882 45.
478 2857 509 2867 -
527 2827 571 2884 ΙΠ
587 2833 613 2895 3,
630 2832 646 2882 6
664 2827 709 2894 [D.
722 2831 781 2896 368]
805 2832 839 2889 Ξ.
857 2824 1010 2903 άστραπᾶς
1026 2831 1160 2901 γίνεσθαι
1177 2828 1422 2903 λαμπρυνομένων
1444 2831 1504 2885 τῶν
1522 2845 1566 2883 νε·

314 2915 380 2983 φῶν
395 2910 470 2970 κατὰ
487 2907 540 2984 τὴν
555 2915 675 2986 κίνησιν.

415 3034 458 3085 46.
476 3061 509 3071 -
527 3032 570 3086 111
585 3037 611 3099 4,
627 3037 645 3087 4
663 3028 708 3098 [1).
720 3037 782 3098 371]
805 3036 839 3093 Ξ.
857 3025 917 3090 άπὸ
936 3037 987 3105 τῆς
1003 3037 1056 3090 τοῦ
1073 3026 1156 3104 ἡλίου
1173 3030 1354 3105 θερμότητος
1372 3026 1413 3098 ῶς
1430 3023 1567 3104 άρκτικῆς

313 3115 410 3182 αἰτίας
426 3109 482 3173 τάν
498 3125 562 3183 τοῖς
572 3119 742 3191 μεταρσίοις
754 3118 930 3190 συμβαίνειν.
958 3110 1153 3188 άνελκομένου
1164 3114 1221 3190 γὰρ
1238 3116 1272 3175 ἐκ
1288 3121 1338 3188 τῆς
1350 3111 1496 3186 θαλάττης
1513 3117 1567 3170 τοῦ

312 3196 404 3274 ὑγροῦ
420 3195 456 3258 τὸ
467 3200 554 3273 γλυκὺ
572 3197 617 3260 διὰ
635 3203 687 3274 τήν
704 3201 913 3274 λεπτομέρειαν
930 3198 1150 3275 διακρινόμενον
1168 3203 1238 3276 νέφη
1256 3223 1288 3261 τε
1306 3195 1485 3258 συνιστάνειν
1504 3192 1566 3268 ὅμι-

310 3282 473 3358 χλοάμενον
489 3289 539 3343 καί
549 3279 742 3356 καταστάξειν
760 3283 891 3361 ὄμβρους
900 3284 959 3345 ὕπὸ
971 3279 1114 3360 πιλήσεως
1130 3290 1179 3344 καί
1191 3289 1346 3357 διατμίζειν
1358 3280 1393 3343 τὰ
1407 3282 1564 3354 πνεύματα.

312 3367 419 3445 γράφει
436 3391 494 3445 γαρ
511 3368 663 3444 διαρρήδην
674 3366 780 3445 ζπηγὴ
798 3365 826 3429 δ’
843 3403 879 3412 -
895 3363 1035 3440 όδατος’
1053 3373 1095 3438 [fr.
1107 3378 1149 3439 36,
1163 3377 1198 3438 1].

414 3495 457 3545 47.
473 3489 609 3545 Amswr.
628 3490 663 3545 de
680 3491 756 3546 caelo
774 3492 797 3545 B
817 3496 858 3546 13.
874 3496 937 3546 294·
954 3496 986 3546 21
1015 3491 1113 3561 οἱμὲν
1130 3491 1187 3564 γάρ
1211 3485 1255 3548 διὰ
1279 3493 1370 3547 ταῦτα
1388 3485 1511 3561 άπειρον
1529 3487 1563 3545 τό
1666 3565 1669 3571 ¹

310 3568 393 3632 κάτω
410 3579 459 3646 τῆς
475 3578 528 3646 γῆς
544 3570 621 3632 εἶναί
637 3593 736 3647 φασιν,
753 3570 803 3632 ἐπ’
820 3573 944 3649 ἄπειρον
962 3570 1051 3648 αότήν
1068 3575 1244 3648 ἐρριζῶσθαι
1261 3575 1396 3649 λέγοντες
1413 3564 1513 3645 ῶσπερ
1533 3574 1564 3632 Ξ.

313 3653 330 3714 ό
349 3657 549 3730 Κολοφώνιος,
564 3655 614 3716 ἵνα
630 3653 670 3731 μή
687 3652 837 3732 πράγματ’
855 3655 941 3732 ἔχωσι
959 3664 1111 3734 ζητοῦντες
1128 3659 1181 3733 τήν
1198 3661 1303 3719 αἰτίαν.
1339 3655 1382 3716 διὸ
1401 3662 1450 3716 καί
1462 3651 1564 3728 Ἐμπε-

312 3747 416 3815 δοκλῆς
442 3733 535 3810 οὕτως
559 3741 716 3816 ἐπέπληξεν
740 3744 830 3801 είπών
852 3740 893 3811 ῶς
914 3738 1035 3821 ζείπερ
1050 3777 1078 3786 -
1093 3742 1245 3804 ἰδόντων
1272 3744 1316 3812 [fr.
1332 3749 1392 3812 39];
1407 3743 1442 3800 of.
1469 3742 1564 3813 Simpl.

310 3829 410 3884 adAr.
422 3828 440 3884 ί.
452 3845 475 3885 c.
492 3845 520 3898 p.
533 3832 592 3894 522,
604 3834 618 3882 7
632 3829 714 3884 Heio.
732 3822 831 3901 α’γνοῶ
848 3829 878 3887 δέ
895 3827 952 3903 ἐγώ
971 3841 1034 3898 τοῖς
1046 3831 1234 3903 Ξενοφάνους
1245 3826 1326 3888 έπεσι
1338 3839 1400 3896 τοῖς
1416 3832 1483 3901 περὶ
1501 3824 1565 3885 τοό-

310 3933 365 3970 του
380 3910 418 3985 μή
431 3909 566 3985 ἐντνχῶν,
584 3908 759 3985 πότεροντὸ
771 3910 852 3971 κάτω
864 3914 954 3987 μέρος
965 3920 1015 3988 τῆς
1031 3921 1083 3988 γῆς
1095 3913 1218 3987 άπειρον
1230 3911 1303 3973 εἶναι
1315 3914 1406 3987 λέγων
1418 3909 1463 3970 διὰ
1476 3916 1563 3971 τοῦτο

309 3997 407 4067 μένειν
424 3990 512 4069 αότήν
523 4017 609 4069 φησιν
624 3993 643 4070 ή
659 3998 715 4055 τόν
729 3993 868 4057 ὑποκάτω
885 4004 935 4072 τῆς
952 4004 1003 4073 γῆς
1014 3996 1110 4057 τόπον
1126 4003 1175 4057 καί
1194 3999 1298 4071 αίθέρα
1311 3996 1434 4069 άπειρσν
1451 4001 1501 4055 καί
1519 3993 1563 4054 διὰ

309 4084 399 4140 τοῦτο
412 4075 462 4140 ἐπ’
479 4075 616 4157 ’άπειρσν
627 4084 866 4156 καταφερομένην
878 4080 929 4156 τήν
940 4090 993 4157 γῆν
1004 4089 1101 4141 δοκεῖν
1112 4078 1237 4156 η’ρεμεῖν.
1265 4081 1331 4141 οὔτε
1343 4079 1400 4155 γὰρ
1414 4079 1430 4139 ὃ
1442 4076 1565 4155 Ἀριστο-

309 4166 392 4239 τέλης
403 4166 575 4240 διεσάφησεν
587 4166 654 4227 οὔτε
666 4167 702 4227 τά
714 4162 936 4239 Ἐμπεδοκλέους
948 4165 1001 4241 ἔπη
1012 4172 1130 4240 διορίζει
1142 4173 1256 4240 σαφῶς·
1270 4161 1360 4240 (γῆς’
1380 4162 1436 4237 γὰρ
1449 4156 1564 4239 (βάθη

309 4251 424 4324 λέγοιτο
441 4247 480 4311 άν
500 4257 550 4310 καί
566 4252 662 4311 ἐκεῖνα
685 4253 725 4320 εἰς
748 4246 767 4311 ά
789 4250 925 4311 κάτεισιν.
961 4271 996 4310 ox
1012 4254 1167 4310 Arintotolo
1183 4253 1313 4309 Pseudar.
1336 4252 1371 4307 do
1388 4249 1471 4306 MXG
1488 4254 1514 4315 2,
1531 4254 1562 4304 21

290 4353 337 4406 ·p.
350 4341 413 4392 976·
425 4332 458 4393 32
477 4333 520 4396 έτι
537 4340 567 4394 τί
582 4335 686 4397 κωλύει
703 4341 752 4395 καί
769 4340 860 4396 πλείω
879 4335 950 4396 ὄντα
972 4336 1038 4406 ένὸς
1055 4339 1170 4413 μεγέθει
1192 4336 1298 4409 άπειρα
1317 4333 1403 4403 είναι;
1423 4328 1462 4401 ῶς
1478 4337 1528 4391 καί
1547 4328 1563 4391 ὃ

309 4425 344 4481 Ξ.
356 4418 480 4493 ἄπειρον
497 4419 533 4481 τό
551 4444 584 4482 τε
595 4419 692 4498 βάθος
709 4427 759 4495 τῆς
774 4427 826 4494 γῆς
841 4427 891 4480 καί
902 4427 956 4481 τοῦ
973 4417 1060 4495 άέρος
1072 4426 1158 4496 φησίν
1175 4418 1247 4480 είναι
1265 4426 1334 4489 (tum
1345 4422 1413 4476 citat
1429 4436 1464 4475 ex
1475 4419 1563 4475 Axist.

307 4505 389 4574 Emp.
405 4505 439 4561 fr.
457 4507 512 4575 eit).
546 4508 621 4564 A'ior.
632 4509 676 4564 111
687 4513 740 4576 9,4
760 4507 805 4573 [D.
817 4512 877 4572 376]
900 4510 933 4569 Ξ.
951 4507 984 4565 ἐκ
1002 4512 1055 4566 τοῦ
1072 4507 1239 4581 κατωτέρου
1260 4506 1367 4579 μέρους
1383 4506 1423 4571 είς
1441 4500 1564 4577 άπειρον

309 4589 417 4660 [μέρος]
435 4589 612 4665 ἐρριζῶσθαι
629 4594 695 4660 [scil.
708 4590 761 4664 τὴν
777 4597 849 4665 γῆν]
867 4591 899 4661 ἐξ
915 4586 1002 4667 άέρος
1020 4593 1050 4651 δέ
1066 4597 1116 4649 καί
1133 4588 1226 4665 πυρὸς
1243 4594 1432 4663 συμπαγῆναι.
1467 4589 1510 4644 ΠΙ
1525 4593 1564 4655 11,

309 4679 362 4730 1.2
381 4675 426 4740 [D.
438 4681 499 4743 377]
517 4677 545 4735 οί
563 4672 623 4736 άπὸ
644 4675 745 4738 Θάλεω
762 4674 815 4752 τὴν
831 4682 884 4751 γῆν
900 4678 998 4752 μέσην,
1016 4683 1050 4740 Ξ.
1069 4674 1199 4751 πρώτην·
1218 4679 1259 4745 είς
1276 4674 1398 4749 άπειρον
1415 4670 1472 4748 γὰρ
1489 4672 1565 4745 ἐρρι-

360 4768 552 4823 molstum
571 4771 654 4828 philon.
707 4787 716 4800 ·
1344 4766 1359 4816 θ
