4117 5617
427 579 489 638 174
977 583 1002 634 9.
1019 579 1133 636 TIMON

425 755 565 837 τραγικά
589 749 761 838 ἑξήκοντα)
792 752 928 829 σίλλους
950 775 986 817 τε
1007 756 1065 815 καὶ
1086 751 1267 829 κιναίδους.
1356 759 1498 840 φέρεται
1523 746 1558 817 δ’
1584 757 1691 818 αὐτού
1707 759 1737 816 11

425 857 482 916 καὶ
501 852 733 940 καταλογάδην
755 854 871 937 βιβλία
895 856 957 932 (εἰς
980 857 1073 918 ἐπῶν
1089 857 1241 918 τείνοντα
1256 854 1425 940 μυριάδας
1448 854 1533 933 δύο),
1557 856 1607 918 ὧν
1630 859 1686 919 καὶ

421 946 614 1039 Ἀντίγονος
637 958 657 1017 δ
679 959 873 1042 Καρύστιος
894 962 1071 1042 μέμνηται,
1101 960 1345 1043 ἀναγεγραφὼς
1369 961 1474 1021 αὐτοῦ
1499 960 1559 1020 καὶ
1583 962 1685 1034 αὐτός

426 1061 484 1121 τόν
499 1061 584 1140 βίον.
619 1065 686 1120 τῶν
709 1055 744 1120 δὲ
760 1056 914 1122 Σίλλων
937 1061 1028 1142 τρία
1045 1061 1147 1135 ἐστίν,
1171 1060 1206 1120 έν
1229 1059 1282 1133 οἷς
1305 1061 1352 1134 ὡς
1374 1061 1415 1122 ἀν
1432 1063 1618 1136 σκεπτικὸς
1641 1063 1684 1122 ὢν

389 1171 404 1220 5
425 1164 559 1235 πάντας
575 1157 730 1243 λοιδορεῖ
738 1161 796 1221 καί
812 1158 978 1223 σιλλαίνει
992 1164 1072 1236 τούς
1087 1157 1310 1242 δογματικούς
1325 1163 1360 1224 έν
1375 1159 1574 1247 παρωιδίας
1589 1159 1682 1224 εἴδει.

427 1263 473 1324 ὧν
488 1265 527 1324 τό
549 1265 610 1341 μὲν
626 1269 786 1345 πρῶτον
802 1260 1044 1349 αὐτοδιήγητον
1066 1265 1135 1342 ἔχει
1150 1266 1209 1348 τήν
1229 1266 1417 1349 ἑρμηνείαν,
1440 1267 1478 1326 τό
1496 1261 1534 1327 δὲ
1549 1261 1682 1327 δεύτε-

426 1385 494 1450 ρον
506 1366 562 1426 καὶ
575 1367 709 1448 τρίτον
721 1365 756 1425 έν
769 1361 926 1447 διαλόγου
941 1366 1095 1449 σχήματι.
1120 1368 1280 1451 φαίνεται
1290 1373 1369 1447 γοῦν
1380 1368 1569 1449 ἀνακρίνων
1581 1363 1682 1434 Ξενο-

428 1469 518 1551 φάνη
534 1469 592 1528 τόν
608 1464 834 1552 Κολοφώνιον
850 1469 931 1550 περὶ
947 1469 1107 1544 ἑκάστων,
1131 1469 1150 1528 ό
1173 1464 1209 1529 δὲ
1233 1469 1340 1529 αύτῶι
1356 1464 1579 1552 διηγούμενός
1595 1470 1680 1530 έστι·

427 1570 484 1630 καὶ
507 1570 542 1630 έν
563 1571 625 1647 μὲν
647 1577 712 1631 τῶι
727 1566 888 1654 δευτέρωι
909 1570 991 1652 περί
1013 1577 1081 1632 τῶν
1096 1571 1335 1655 ἀρχαιοτέρων,
1358 1572 1393 1631 έν
1417 1566 1453 1632 δὲ
1477 1579 1542 1632 τῶι
1564 1571 1682 1655 τρίτωι

377 1679 405 1730 10
426 1672 507 1753 περὶ
523 1678 589 1732 τῶν
604 1673 769 1755 ὑστέρων·
795 1672 878 1732 όθεν
895 1666 933 1756 δή
951 1673 1059 1733 αύτῶι
1073 1693 1163 1747 τινες
1177 1673 1234 1733 καὶ
1246 1662 1422 1754 Ἐπίλογον
1437 1674 1652 1758 ἐπέγραψαν.

427 1774 465 1834 τό
490 1769 526 1834 δὲ
550 1781 687 1857 πρῶτον
710 1775 814 1835 ταύτά
838 1777 989 1858 περιέχει
1003 1775 1196 1858 πράγματα,
1221 1772 1309 1859 πλήν
1333 1777 1387 1836 ότι
1407 1778 1683 1858 μονοπρόσωπός
1700 1775 1737 1835 111

427 1876 520 1936 ἐστιν
535 1879 554 1959 ή
572 1877 728 1960 ποίησις·
747 1877 828 1961 ἀρχή
846 1871 881 1936 δέ
899 1877 1004 1937 αύτῶι
1018 1872 1088 1960 ήδε,
1107 1867 1273 1938 <ἔσπετε
1287 1910 1330 1918 -
1347 1869 1556 1961 σοφισταί
1578 1870 1626 1959 [fr.
1643 1871 1680 1960 1].

427 1974 622 2061 ἐτελεύτησε
645 1973 679 2038 δ’
701 1978 796 2058 έγγύς
817 1979 902 2039 ίτῶν
924 1979 1130 2062 ἐνενήκοντα,
1158 1980 1204 2054 ὥς
1228 1994 1333 2063 φησιν
1362 1971 1597 2060 δἈντίγονος
1620 1979 1682 2056 (καί

427 2080 566 2140 Σωτίων
589 2080 624 2140 έν
646 2088 710 2142 τῶι
725 2076 927 2155 ένδεκάτωι).
965 2087 1085 2142 τούτου
1107 2082 1171 2162 ἐγὼ
1194 2081 1252 2142 καί
1267 2078 1531 2165 ἑτερόφθαλμον
1545 2084 1682 2167 ἤκουσα,

381 2188 409 2238 15
431 2182 508 2243 ἐπεὶ
531 2182 588 2242 καί
612 2183 714 2256 αὐτός
737 2183 839 2243 αὐτόν
862 2179 1035 2243 Κύκλωπα
1060 2180 1180 2245 ἐκάλει.

512 2288 626 2366 γέγονε
647 2284 704 2344 καί
720 2285 833 2366 ἑτερος
852 2283 967 2360 Τίμων
983 2285 1278 2368 όμισάνθρωπος.
1325 2285 1344 2344 δ
1360 2281 1379 2346 δ
1385 2272 1392 2296 '
1412 2284 1471 2346 οδν
1488 2281 1684 2371 φιλόσοφος

427 2387 484 2446 καὶ
500 2383 692 2470 φιλόκηπος
706 2380 747 2468 ήν
764 2381 897 2470 σφόδρα
913 2387 970 2446 καὶ
986 2383 1233 2471 ἰδιοπράγμων,
1249 2389 1295 2460 ὡς
1309 2388 1367 2448 καί
1378 2378 1574 2468 Ἀντίγονός
1591 2404 1683 2472 φησι.

429 2486 527 2569 λόγος
555 2495 633 2568 γούν
661 2489 772 2548 εἰπεῖν
790 2478 986 2572 Ἱερώνυμον
1013 2491 1072 2550 τόν
1094 2490 1371 2573 Περιπατητικόν
1395 2481 1465 2570 [om.
1484 2483 1603 2573 Hiller]
1628 2479 1682 2551 ἐπ)

429 2591 546 2650 αύτού·
568 2580 635 2664 “ὡς
657 2590 752 2673 παρά
776 2594 849 2665 τοῖς
863 2592 1016 2665 Σκύθαις
1037 2593 1095 2653 καὶ
1118 2592 1152 2652 οί
1176 2593 1356 2675 φεύγοντες
1371 2587 1549 2666 τοξεύουσι
1572 2592 1634 2654 καί
1655 2593 1685 2653 οί

377 2698 406 2746 20
429 2687 617 2767 διώκοντες,
648 2693 735 2754 ούτω
765 2700 833 2754 τῶν
856 2691 1060 2779 φιλοσόφων
1091 2695 1125 2755 οἱ
1152 2693 1213 2771 μὲν
1243 2689 1421 2766 διώκοντες
1443 2693 1588 2777 θηρῶσι
1611 2696 1703 2775 τούςΙ

427 2795 598 2877 μαθητάς,
630 2795 663 2855 οἱ
687 2789 723 2854 δὲ
752 2797 941 2878 φεύγοντες,
964 2797 1125 2878 καθάπερ
1152 2796 1209 2856 καὶ
1236 2795 1256 2854 δ
1280 2786 1414 2873 Τίμων.’
1496 2791 1538 2878 ἦν
1571 2792 1611 2858 δὲ
1634 2797 1687 2858 καί
1703 2793 1738 2854 11:-

430 2892 507 2972 όξύς
529 2903 651 2980 νοῆσαι
672 2897 729 2957 καὶ
753 2892 1029 2983 διαμυκτηρίσαι·
1055 2895 1335 2983 φιλογράμματός
1356 2917 1393 2959 τε
1414 2899 1471 2959 καὶ
1494 2903 1572 2973 τοῖς
1589 2919 1687 2983 ποιη-

429 3003 505 3072 ταῖς
519 3000 653 3076 μύθους
668 3000 803 3081 γράψαι
819 3001 933 3074 ἱκανός
954 3001 1012 3061 καὶ
1027 2996 1183 3085 δράματα
1201 2995 1468 3061 συνδιατιθέναι.
1506 2997 1686 3077 μετεδίδου

430 3096 466 3161 δὲ
489 3107 556 3161 τῶν
585 3096 797 3185 τραγωιδιῶν
822 3092 1049 3185 Ἀλεξάνδρωι
1077 3104 1134 3164 καί
1160 3094 1318 3187 Ὁμήρωι.
1363 3101 1628 3185 θορυβούμενός
1655 3123 1687 3166 τε

377 3209 406 3258 25
427 3203 496 3262 ὑπό
520 3210 586 3263 τῶν
602 3203 827 3286 θεραπαινῶν
848 3204 905 3264 καὶ
920 3211 1026 3265 κυνῶν
1049 3204 1162 3266 έποίει
1176 3200 1291 3288 μηδέν,
1317 3198 1518 3279 σπουδάζων
1541 3207 1630 3291 περὶ
1651 3209 1686 3268 τό

428 3298 614 3387 ήρεμάζειν.
654 3306 742 3389 φασὶ
765 3301 801 3366 δὲ
823 3296 1035 3389 καίἍρατον
1050 3307 1235 3367 πυθέσθαι
1250 3307 1355 3366 αὐτού
1375 3312 1451 3379 πῶς
1466 3307 1527 3391 τήν
1540 3298 1686 3393 Ὁμήρου

430 3407 571 3489 ποίησιν
594 3404 731 3491 ἀσφαλῆ
754 3408 926 3491 κτήσαιτο,
956 3408 1014 3468 τόν
1039 3403 1074 3468 δὲ
1098 3410 1218 3484 εἰπεῖν,
1244 3399 1297 3468 ίεἰ
1319 3411 1392 3482 τοῖς
1415 3408 1574 3492 ἀρχαίοις
1599 3411 1687 3471 ἀντι·

428 3509 575 3591 γράφοις
590 3509 783 3589 ἐντυγχάνοι
804 3511 861 3571 καὶ
882 3511 927 3594 μή
943 3514 1017 3584 τοῖς
1036 3506 1099 3594 ήδη
1115 3498 1400 3592 διωρθωμένοις’.
1438 3511 1509 3594 είκῆ
1526 3531 1564 3571 τε
1582 3514 1687 3582 αύτῶι,

429 3610 536 3671 ἔκειτο
560 3611 601 3671 τά
625 3611 812 3694 ποιήματα,
836 3613 944 3673 ἐνίοτε
962 3611 1154 3696 ήμίβρωτα·
1243 3612 1331 3672 ὥστε
1352 3612 1409 3672 καὶ
1424 3614 1606 3696 Ζωπύρωι
1628 3621 1685 3675 τῶι
1704 3608 1737 3669 111

378 3719 407 3768 30
429 3713 549 3795 ῥήτορι
564 3712 834 3793 ἀναγινώσκοντά
858 3734 892 3775 τι
907 3710 1134 3774 ἐπιτυλίττειν
1155 3713 1213 3774 καὶ
1234 3714 1318 3774 κατὰ
1342 3715 1381 3775 τδ
1397 3711 1550 3775 ἐπελθόν
1568 3711 1686 3792 διεξιέ-

430 3893 466 3947 P:
485 3893 514 3950 όὲ
532 3891 652 3966 τραγικά
665 3895 703 3948 B:
721 3892 842 3967 τραγικά
862 3895 891 3952 όὲ
902 3895 933 3949 F.
1040 3899 1108 3949 nota
1124 3895 1388 3964 pinacographorum
1406 3897 1521 3950 stultum
1543 3897 1686 3962 emblema,

432 3980 479 4048 qui
497 3979 563 4033 dum
587 3982 759 4052 τραγωιόίας
780 3983 828 4037 καί
847 3976 988 4050 σατύρους
1008 3979 1154 4048 explicant,
1177 3981 1296 4035 comicos
1318 3979 1436 4035 absurde
1458 3980 1621 4037 adsciscunt
1644 3980 1685 4044 (ά.

433 4064 501 4120 Berl.
514 4063 581 4119 Sita.
594 4068 668 4132 1891,
684 4070 767 4132 1013).
802 4067 868 4121 item
886 4064 976 4121 Schol.
992 4063 1082 4118 Arist„
1099 4064 1162 4120 Pac.
1175 4069 1225 4119 835
1248 4060 1358 4139 ἔγραψε
1376 4066 1406 4123 δὲ
1429 4066 1490 4130 [Ion
1506 4073 1621 4136 praeter
1635 4076 1685 4122 tm·

430 4149 553 4219 goedias]
576 4153 626 4206 καὶ
642 4153 805 4221 κωμωιόίας
825 4153 874 4206 καί
896 4144 1099 4221 ἐπιγράμματα
1122 4153 1182 4205 κτλ.
1217 4149 1342 4205 similiter
1362 4147 1494 4222 δράματα
1518 4145 1644 4224 τραγικά
1659 4152 1684 4204 in

429 4236 541 4291 Pindari
558 4236 655 4304 pinace
675 4235 815 4293 Suidiano.
891 4239 907 4288 2
928 4233 1060 4289 confusae
1079 4234 1275 4304 pinacographi
1296 4242 1325 4290 et
1342 4236 1482 4306 Antigoni
1502 4237 1655 4293 memoriae

429 4325 514 4375 1-12
532 4321 721 4390 Apolloniden
809 4324 839 4374 10
858 4316 887 4376 ά
908 4313 998 4377 αύτῶι
1013 4318 1063 4373 1³²:
1087 4318 1117 4376 δὲ
1134 4312 1224 4376 αὐτὸν
1241 4320 1278 4374 B:
1296 4318 1328 4391 όὴ
1346 4315 1418 4378 αὐτό
1432 4319 1470 4375 F:
1490 4314 1583 4379 αὐτόν
1602 4323 1638 4377 P¹

433 4410 464 4460 16
475 4409 525 4462 καί
533 4405 593 4460 BP:
606 4405 636 4462 δὲ
646 4409 695 4462 καί
706 4406 730 4459 F
782 4410 814 4459 25
826 4403 920 4461 ἐποίει
930 4407 1023 4475 μηδὲν]
1038 4419 1074 4458 sc.
1087 4406 1196 4475 ποίημα
1250 4409 1282 4459 26
1294 4399 1446 4477 ἠρεμάζειν
1454 4406 1491 4460 P¹
1502 4423 1588 4476 mrg.:
1598 4399 1684 4481 ἠρέμα

431 4496 481 4563 ζῆν
498 4491 581 4545 P¹BF
649 4495 682 4545 29
701 4490 825 4560 Zopyrus
842 4488 1031 4544 Clazomenius
1048 4505 1091 4560 ap.
1110 4489 1202 4554 Quini
1218 4489 1325 4556 ΠΙ6,3
1395 4495 1428 4544 30
1447 4483 1683 4563 ἀναγινώσκοντά

431 4598 457 4632 τι
479 4576 580 4632 Cobet:
598 4568 825 4645 ἀναγινώσκοντι
845 4575 904 4628 PF:
928 4567 1164 4644 ἀναγινώσκοντα
1185 4575 1221 4643 Β;
1244 4574 1336 4644 legere
1358 4575 1509 4645 incipiebat
1531 4593 1549 4632 a
1570 4576 1683 4633 fortuito

441 4678 500 4726 oco,
519 4661 585 4730 quia
602 4660 736 4715 evolvens
758 4659 865 4714 initium
887 4676 944 4714 non
965 4660 1109 4714 invenerat
1129 4658 1288 4727 abscissum,
1311 4666 1344 4714 ut
1361 4675 1443 4730 saepe
1459 4659 1563 4732 fiebat3
1582 4660 1683 4718 tumin

372 4781 378 4794 ·
430 4745 523 4801 medio
541 4744 620 4812 libro,
638 4744 713 4814 quod
731 4745 818 4812 pen're
835 4743 994 4811 crediderat,
1011 4745 1131 4814 repperit
