4117 5617
491 577 551 638 176
1023 579 1048 630 9.
1065 574 1181 631 ΤΙΜΟΝ

489 773 558 815 νειν
581 749 641 814 ἐπ’
664 751 741 836 ἴσης
757 747 932 836 ἀδιάφορα
955 751 1011 811 καί
1027 750 1233 833 ἀστάθμητα
1256 750 1314 810 καί
1329 750 1546 833 ἀνεπίκριτα·
1571 743 1628 808 διά
1643 755 1746 809 τούτο

488 856 573 939 μήτε
595 855 656 930 τάς
672 853 857 936 αἰσθήσεις
879 856 974 936 ημῶν
988 853 1072 936 μήτε
1095 853 1155 927 τάς
1178 848 1282 927 δόξας
1296 848 1479 936 ἀληθεύειν
1500 846 1746 934 ῆψεύδεσθαι.

491 952 548 1017 διά
571 963 669 1018 τοῦτο
694 954 752 1017 σύν
773 951 859 1038 μηδὲ
889 956 1064 1016 πιστεύειν
1091 955 1210 1029 αύταῖς
1240 949 1321 1029 δεῖν,
1350 941 1423 1013 ἀλλ’
1457 948 1668 1028 ἀδοξάστους
1689 952 1748 1013 καί

491 1055 637 1133 ἀκλινεῖς
657 1058 715 1119 καί
737 1053 966 1141 ἀκραδάντους
989 1053 1087 1132 εἶναι,
1116 1057 1197 1138 περί
1226 1057 1301 1130 ένδς
1330 1057 1471 1116 ἑκάστου
1502 1050 1661 1135 λέγοντας
1694 1055 1749 1115 ότι

454 1160 529 1220 ἰού
551 1156 680 1236 μᾶλλον
709 1160 803 1220 ἔστιν
830 1159 850 1243 ἢ
875 1159 933 1220 ούκ
955 1159 1058 1233 ἔστιν,
1091 1158 1111 1242 ἢ
1141 1158 1198 1218 καί
1226 1159 1301 1219 ἔστι
1332 1157 1389 1217 καί
1412 1157 1469 1217 ούκ
1492 1156 1595 1231 ἔστιν,
1624 1155 1644 1239 ἢ
1670 1156 1749 1216 ούτε

491 1263 584 1335 ἔστιν
607 1262 684 1323 οὔτε
707 1263 765 1323 ούκ
787 1262 891 1323 ἔστιν.
978 1262 1052 1334 τοῖς
1073 1262 1191 1336 μέντοι
1212 1278 1249 1339 γε
1272 1254 1499 1336 διακειμένοις
1522 1259 1610 1319 ούτω
1633 1258 1786 1341 περιέ-4

493 1364 621 1425 σεσθαι
645 1366 761 1441 Τίμων
784 1363 872 1448 φησί
897 1369 1035 1447 πρῶτον
1062 1363 1124 1438 μέν
1147 1360 1311 1444 ἀφασίαν,
1340 1362 1461 1422 ἔπειτα
1485 1355 1521 1421 δ’
1549 1357 1749 1443 ἀταραξίαν,

491 1462 731 1550 Αἰνησίδημος
760 1453 792 1526 δ’
817 1460 950 1548 ηδονην.
1037 1463 1079 1522 τά
1106 1463 1167 1540 μὲν
1197 1460 1255 1523 οδν
1276 1459 1447 1546 κεφάλαια
1471 1470 1538 1524 τῶν
1562 1460 1785 1545 λεγομένωνό

492 1568 567 1629 έστί
588 1574 710 1629 ταῦτα·
735 1566 946 1648 σκεψώμεθα
976 1551 1009 1625 δ’
1036 1565 1067 1626 εἰ
1095 1564 1212 1647 ὀρθῶς
1242 1560 1405 1646 λέγουσιν.
1450 1566 1528 1626 έπεί
1550 1567 1663 1628 τοίνυν
1687 1556 1747 1628 ἐπ’

443 1676 472 1727 10
493 1667 571 1751 ἴσης
600 1664 775 1754 ἀδιάφορα
805 1670 918 1730 πάντα
948 1666 1055 1750 φασίν
1084 1663 1173 1727 εἶναι
1199 1666 1258 1727 καί
1286 1661 1344 1727 διά
1368 1674 1467 1728 τούτο
1490 1664 1663 1730 κελεύουσι
1686 1690 1750 1753 μη-

492 1765 564 1832 δενί
586 1771 850 1854 προστίθεσθαι
870 1765 956 1853 μηδὲ
979 1762 1143 1844 δοξάζειν,
1173 1768 1311 1842 εἰκότως
1334 1769 1375 1830 ἀν
1399 1766 1498 1846 οἶμαι
1519 1771 1674 1831 πύθοιτό
1696 1791 1751 1846 τις

492 1873 612 1950 αὐτῶν,
636 1872 702 1957 ἀρά
724 1893 761 1954 γε
776 1869 1063 1955 διαμαρτάνουσιν
1085 1871 1120 1931 οί
1135 1865 1312 1954 διαφέρειν
1334 1871 1419 1931 αύτά
1434 1866 1628 1949 νομίζοντες
1649 1873 1670 1957 ἢ
1695 1874 1753 1947 ού;

493 1975 631 2049 πάντως
652 1976 726 2059 γάρ,
751 1975 783 2036 εἰ
804 1974 865 2051 μὲν
887 1972 1149 2054 ἁμαρτάνουσιν,
1179 1973 1236 2033 ούκ
1261 1972 1377 2056 ὀρθῶς
1398 1969 1675 2054 ἀπολαμβάνοιεν
1697 1977 1750 2036 ἀν.

494 2076 727 2160 ὥστεάνάγκη
758 2072 864 2156 λέγειν
893 2075 1010 2149 αύτοῖς
1033 2071 1122 2136 εἶναί
1148 2094 1243 2149 τινας
1271 2075 1351 2149 τούς
1373 2074 1414 2135 τά
1443 2071 1553 2160 ψευδῆ
1578 2078 1751 2161 περὶτῶν

443 2184 472 2236 15
494 2178 599 2238 όντων
620 2173 681 2253 δοξ
695 2173 840 2253 ’ξοντας
864 2177 962 2237 αύτοί
984 2178 1097 2238 τοίνυν
1120 2173 1186 2237 εἶεν
1202 2176 1243 2237 ἀν
1266 2177 1300 2237 σί
1315 2174 1449 2261 τάληθῆ
1467 2172 1635 2257 λέγοντες·
1660 2179 1750 2239 ούτω

494 2274 530 2339 δί
547 2277 599 2362 εἴη
623 2279 664 2340 ἀν
679 2276 809 2364 ἀληθές
831 2299 866 2340 τι
886 2278 944 2338 καί
958 2273 1097 2358 ψεῦδος.
1135 2280 1167 2339 εί
1189 2269 1222 2339 δ’
1241 2280 1300 2357 ούχ
1315 2279 1551 2362 ἁμαρτάνομεν
1574 2282 1609 2340 οἱ
1623 2275 1751 2341 πολλοὶ

493 2379 535 2439 τά
564 2380 644 2439 όντα
676 2375 854 2462 διαφέρειν
883 2380 1045 2456 οἰόμενοι,
1078 2380 1114 2440 τί
1140 2381 1313 2457 μαθόντες
1346 2377 1617 2464 έπιπληττουσιν
1650 2385 1732 2466 ημῖν
1740 2403 1752 2455 ,·

495 2481 593 2542 αύτοί
615 2482 677 2563 γάρ
707 2481 934 2562 άμαρτάνοιεν
962 2481 1003 2541 ἀν
1026 2476 1198 2556 ἀξιοῦντες
1226 2484 1271 2568 μη
1302 2478 1479 2566 διαφέρειν
1510 2484 1604 2544 αύτά.
1692 2483 1785 2543 καί6

494 2584 560 2666 μὴν
582 2583 614 2643 εἰ
634 2583 692 2643 καί
708 2578 855 2665 δώιημεν
877 2583 994 2657 αὐτοῖς
1016 2569 1073 2642 ἐπ’
1100 2582 1176 2666 ἴσης
1193 2580 1367 2669 ἀδιάφορα
1391 2585 1504 2645 πάντα
1525 2583 1623 2661 εἶναι,
1647 2580 1751 2670 δῆλον

442 2693 473 2743 ἰθ
495 2685 542 2758 ῶς
564 2684 622 2744 ούκ
651 2683 693 2744 ἀν
722 2680 920 2769 διαφέροιεν
951 2673 1024 2746 οὐδ’
1051 2684 1148 2746 αύτοί
1175 2692 1242 2745 τῶν
1272 2683 1418 2747 πολλῶν.
1464 2686 1518 2760 τίς
1547 2686 1605 2749 οόν
1632 2686 1685 2771 εἴη
1709 2688 1751 2748 ἀν

495 2788 647 2870 αύτῶνη
673 2787 799 2871 σοφία;
824 2787 882 2846 καί
910 2781 967 2847 διά
996 2788 1031 2847 τί
1055 2787 1172 2862 Τίμων
1200 2790 1274 2860 τοῖς
1301 2789 1363 2865 μὲν
1392 2783 1510 2861 ἀλλοις
1540 2785 1752 2874 λοιδορεῖται

495 2893 593 2964 πᾶσι,
615 2889 786 2972 Πύρρωνα
810 2878 840 2949 δ’
864 2889 1099 2966 ύμνεῖμόνον;
1184 2891 1236 2951 ότι
1257 2909 1293 2970 γε
1315 2890 1381 2974 μην
1404 2890 1436 2950 εἰ
1451 2891 1563 2950 πάντα
1587 2881 1646 2951 ἐπ’
1673 2889 1786 2975 ἴσηςῖ

495 2991 587 3051 έστίν
614 2986 789 3074 ἀδιάφορα
817 2990 874 3050 καί
904 2985 961 3051 διά
984 2997 1084 3052 τούτο
1113 2994 1173 3077 χρὴ
1197 2988 1301 3075 μηδὲν
1333 2985 1495 3066 δοξάζειν,
1526 2993 1584 3052 ούκ
1607 2992 1648 3054 ἀν
1672 2989 1751 3054 οὐδὲ

495 3099 600 3152 ταῦτα
624 3087 799 3176 διαφέροι·
823 3088 906 3173 λέγω
931 3088 966 3153 δὲ
988 3094 1027 3153 τό
1046 3088 1222 3179 διαφέρειν
1243 3094 1263 3178 ἢ
1286 3094 1331 3178 μη
1354 3089 1530 3178 διαφέρειν
1552 3094 1609 3154 καί
1630 3095 1669 3155 τό
1694 3090 1752 3156 δο-

443 3202 474 3252 25
497 3187 607 3268 ξάζειν
628 3193 648 3277 ἢ
671 3195 716 3278 μή
741 3187 902 3268 δοξάζειν.
946 3194 981 3254 τί
1003 3199 1065 3278 γάρ
1088 3192 1216 3272 μᾶλλον
1238 3196 1379 3257 τοιαύτά
1402 3195 1536 3279 έστινῆ
1562 3197 1619 3256 ούκ
1641 3197 1753 3271 ἔστεν;

494 3296 526 3379 ἦ,
551 3296 597 3368 ὥς
620 3311 707 3379 φησι
731 3296 856 3371 Τίμων,
881 3290 937 3355 διά
960 3296 995 3356 τί
1016 3297 1073 3356 ναί
1094 3297 1152 3357 καί
1174 3293 1230 3358 διά
1254 3299 1288 3359 τί
1310 3297 1359 3374 ού,
1388 3297 1445 3357 καί
1468 3298 1549 3358 αύτδ
1573 3299 1611 3359 τό
1635 3293 1693 3359 διά
1718 3300 1754 3359 τί

496 3393 553 3458 διά
576 3398 628 3471 τί,·
650 3397 797 3481 φανερόν
813 3394 871 3457 σύν
894 3398 940 3470 ὡς
956 3397 1148 3481 ἀναιρεῖται
1169 3400 1207 3459 τό
1224 3393 1343 3482 ζητεῖν.
1382 3401 1470 3461 ὥστε
1485 3399 1752 3462 παυσάσθωσαν

495 3495 715 3576 ἐνοχλοῦντες.
761 3498 838 3559 έπεί
860 3504 917 3558 νύν
947 3518 983 3579 γε
1011 3500 1181 3583 μεμηνασι
1208 3503 1326 3584 πόρρω
1350 3505 1465 3584 τέχνης
1494 3503 1563 3579 ἀμα
1586 3502 1647 3579 μὲν
1670 3504 1753 3585 ημῖν

497 3597 768 3678 διακελευόμενοι
788 3602 833 3685 μὴ
851 3593 1012 3675 δοξάζειν,
1037 3602 1106 3678 άμα
1131 3597 1168 3663 δὲ
1182 3599 1372 3676 κελεύοντες
1395 3603 1477 3663 αύτό
1501 3610 1600 3664 τοῦτο
1624 3609 1751 3680 ποιεῖν,

444 3712 474 3762 30
495 3703 552 3763 καί
574 3699 726 3783 λέγοντες
753 3703 799 3776 ὡς
827 3702 908 3785 περὶ
937 3697 1074 3776 ούδενδς
1105 3704 1370 3789 ἀποφαίνεσθαι
1399 3700 1473 3765 δέοι
1493 3706 1638 3766 κάπειτα
1663 3706 1752 3768 ἀπο-

497 3789 708 3888 φαινόμενοι.
752 3803 810 3864 καί
829 3799 964 3879 ἀξιοῦσι
985 3806 1046 3882 μὲν
1067 3801 1187 3890 μηδενί
1204 3807 1530 3887 συγκατατίθεσθαι,
1554 3807 1754 3868 πείθεσθαι

497 3901 533 3966 δὲ
557 3906 674 3979 αὐτοῖς
695 3902 902 3967 κελεύουσιν·
930 3904 1003 3967 εἶτα
1035 3904 1187 3989 λέγοντες
1213 3903 1318 3991 μηδὲν
1347 3904 1475 3969 εἰδέναι
1502 3910 1634 3982 πάντας
1662 3905 1753 3989 ἐλέγ-

495 4022 612 4085 χουσιν
645 4008 692 4081 ὡς
720 4006 759 4068 εδ
790 4003 927 4082 εἰδότες.
1017 4010 1140 4093 ἀνάγκη
1169 4029 1205 4071 τε
1234 4011 1313 4083 τούς
1344 4011 1538 4094 φάσκοντας
1567 4012 1613 4085 ὡς
1641 4005 1787 4092 ἀδηλα8

601 4215 838 4293 ίάνέγκριταΒΙ
907 4220 1042 4294 ύῆούτε
1054 4221 1131 4280 ἔστιν
1149 4240 1203 4278 om.
1215 4225 1253 4278 ΒΙ
1322 4228 1388 4296 6γε
1407 4241 1461 4281 om.
1472 4225 1511 4279 BI
1580 4224 1752 4281 ’ίαλΙιεειό

497 4306 539 4361 ΙΧ
553 4310 600 4361 107
619 4305 702 4372 τέλος
719 4305 748 4364 οἰ
766 4308 916 4364 σκεπτικοί
933 4327 1004 4379 φασι
1021 4305 1072 4380 τὴν
1094 4302 1210 4379 ἐποχήν,
1232 4298 1259 4379 ἦι
1282 4313 1363 4376 σκιάς
1385 4304 1500 4381 τρόπον
1521 4305 1752 4384 ἐπακολουθεῖῆ

498 4385 649 4462 ἀταραξία,
667 4385 706 4458 ὥς
723 4411 811 4464 φασιν
829 4387 906 4449 εἴτε
924 4396 990 4464 περὶ
1011 4395 1128 4462 Τίμωνα
1150 4395 1199 4449 καί
1216 4393 1405 4467 Αἰνεσίδημον
1424 4395 1498 4451 δοκι,
1511 4395 1607 4467 Pyrrh.
1619 4397 1753 4468 Hypotl

497 4481 531 4532 29
549 4474 697 4549 έπωχούσι
714 4476 743 4534 δέ
760 4469 860 4543 αὐτοῖς
876 4470 941 4534 οἶον
953 4481 1073 4549 τυχικῶς
1090 4471 1107 4549 ἦ
1124 4470 1267 4549 ἀταραξία
1279 4476 1536 4552 παρηκολούθησεν
1554 4474 1595 4546 (ὃς
1612 4479 1679 4540 σκιά
1696 4476 1753 4538 σω’·

496 4583 566 4632 ματι
636 4567 667 4617 15
685 4558 723 4621 ἀν
739 4577 793 4617 om.
806 4561 855 4618 OG
923 4567 954 4616 21
974 4555 1070 4620 αὐτῶν
1086 4557 1124 4621 ἀν
1141 4563 1235 4620 οοΙίοε.
1250 4563 1298 4619 OG
1371 4568 1404 4618 23
1423 4557 1567 4636 ἀδιάφορα
1586 4562 1682 4624 πάντα
1699 4560 1752 4624 ἐπ’

498 4645 559 4719 ἴσης
580 4644 640 4705 ἐστὶ
658 4647 719 4704 OG:
741 4640 791 4704 ἐπ’
809 4643 870 4720 ἴσης
886 4645 909 4704 ἐ.
928 4640 1023 4720 ἀόιάφ.
1042 4645 1138 4706 πάντα
1162 4649 1256 4704 οεοοιῖε
1278 4650 1433 4718 transposui
1455 4656 1568 4720 propter
1589 4649 1695 4706 hiatum

498 4736 532 4786 26
550 4728 595 4790 διὰ
612 4734 640 4788 τί
656 4731 772 4788 alterum
789 4748 843 4788 om.
855 4732 965 4801 plurimi
983 4733 1076 4788 codd.:
1094 4733 1158 4788 add.
1176 4734 1237 4789 cod.
1249 4733 1285 4799 D,
1303 4731 1338 4791 τδ
1356 4740 1422 4804 post
1439 4727 1510 4790 αύτδ
1530 4734 1623 4792 om.G
1639 4739 1706 4803 (non
1720 4736 1753 4804 G)
