4117 5617
491 576 554 635 208
1014 578 1055 628 10.
1074 572 1221 629 ORATES

493 748 683 814 Φιλίππου.
728 746 893 824 πολλάκις
915 767 951 809 τε
973 755 1030 833 τῆι
1051 748 1233 833 βακτηρίαι
1255 745 1323 810 τῶν
1340 754 1504 829 συγγενῶν
1519 767 1615 822 τινας
1637 761 1748 830 προσ-

492 855 607 927 ιόντας
635 852 692 913 καί
721 851 983 935 ἀποτρέποντας
1005 845 1124 912 ἐδίωκε
1153 850 1211 911 καί
1232 846 1273 933 ἦν
1300 855 1461 932 γενναῖος.
1507 849 1593 935 φησὶ
1616 844 1654 909 δὲ
1678 847 1748 931 Δη-

490 957 633 1040 μητριος
656 955 675 1014 ό
696 953 841 1036 Μάγνης
862 945 1064 1036 τραπεζίτηι
1085 952 1153 1013 τινί
1173 953 1492 1037 παρακαταθέσθαι
1513 954 1551 1013 τὸ
1576 950 1748 1034 ἀργύριον,
1805 1024 1809 1030 ,

493 1056 710 1134 συνθέμενον,
734 1054 765 1114 εί
779 1054 840 1130 μέν
856 1054 890 1114 οί
905 1049 1029 1126 παῖδες
1046 1048 1183 1115 ίδιῶται
1197 1054 1382 1138 γενηθεῖεν,
1406 1056 1522 1129 αὐτοῖς
1538 1048 1748 1114 ἀποδοῦναι·

455 1160 524 1221 σεί
547 1154 583 1220 δέ
600 1154 800 1243 φιλόσοφοι,
823 1161 887 1216 τῶι
910 1151 1020 1239 δήμωι
1043 1151 1229 1234 διανεῖμαι·
1251 1152 1396 1241 μηδενὸς
1417 1158 1479 1241 γάρ
1503 1157 1651 1229 ἐκείνους
1675 1149 1750 1238 δεή-

493 1260 621 1321 σεσθαι
649 1255 935 1344 φιλοσοφοῦντας.
980 1253 1225 1342 Ἐρατοσθένης
1254 1253 1291 1318 δέ
1325 1275 1440 1343 φησιν,
1470 1254 1507 1335 ἐξ
1534 1249 1750 1342 Ἱππαρχίας,

492 1361 574 1444 περί
595 1359 635 1446 ης
659 1354 806 1436 λέξομεν,
829 1361 1007 1438 γενομένου
1031 1355 1165 1433 ’παιδὸς
1187 1360 1293 1421 αὐτῶν
1317 1361 1423 1438 όνομα
1445 1358 1670 1436 Πασικλέους,
1695 1347 1747 1421 ὅτ’

492 1458 530 1539 ἐξ
545 1461 683 1547 ἐφήβων
698 1463 838 1542 ἐγένετο,
862 1460 997 1542 ἀγαγεῖν
1021 1462 1123 1522 αὐτόν
1145 1452 1202 1522 ἐπ’
1221 1460 1343 1545 οἴκημα
1360 1458 1545 1547 παιδίσκης
1566 1462 1623 1524 καί
1641 1463 1753 1546 φάναι

493 1570 611 1626 τοῦτον
627 1564 733 1624 αὐτῶι
749 1569 924 1647 πατρῶιον
947 1560 1036 1624 εἶναι
1057 1564 1116 1624 τὸν
1131 1564 1253 1643 γάμον·
1340 1565 1420 1638 τοὺς
1443 1560 1479 1625 δέ
1494 1572 1560 1627 τῶν
1575 1565 1752 1642 μοιχευόν-
1762 1567 1799 1630 89

443 1676 472 1726 10
494 1687 560 1729 των
575 1668 766 1751 τραγικούς·
792 1665 901 1751 φυγὰς
911 1658 1010 1750 <γάρ>
1023 1665 1081 1726 καί
1098 1667 1224 1750 φόνους
1238 1666 1326 1744 ἐχειν
1337 1661 1510 1728 ἔπαθλον·
1533 1668 1613 1741 τούς
1630 1662 1668 1728 δέ
1684 1672 1753 1727 τῶν

494 1771 647 1853 ἑταίραις
662 1769 878 1852 προσιόντων
894 1768 1077 1844 κωμικούς·
1102 1762 1139 1843 ἐξ
1161 1766 1313 1842 ἀσωτίας
1333 1770 1396 1852 γάρ
1419 1768 1476 1829 καί
1490 1769 1603 1853 μέθης
1625 1769 1753 1846 μανίαν

495 1864 761 1953 ἀπεργάζεσθαι.
811 1870 931 1930 τούτου
961 1872 1075 1950 γέγονε
1102 1867 1280 1956 Πασικλῆς
1309 1866 1467 1955 ἀδελφός,
1500 1871 1664 1956 μαθητὴς
1690 1869 1753 1931 Εὐ-

494 1968 636 2034 κλείδου.
680 1973 795 2054 χάριεν
819 1960 849 2032 δ’
876 1972 981 2032 αὐτοῦ
1003 1972 1205 2056 Φαβωρῖνος
1227 1973 1262 2033 ἐν
1291 1979 1355 2034 τῶι
1377 1969 1538 2057 δευτέρωι
1559 1976 1627 2034 τῶν
1646 1962 1753 2034 Ἀπο-

486 2075 778 2158 μνημονευμάτων
808 2076 914 2158 φέρει.
961 2074 1048 2158 φησί
1070 2076 1146 2160 γάρ·
1171 2071 1377 2160 παρακαλῶν
1405 2075 1486 2158 περί
1508 2094 1567 2137 του
1590 2076 1650 2136 τὸν
1673 2094 1754 2155 γυμ-

304 2222 317 2245 .
445 2186 474 2236 15
495 2178 687 2261 νασίαρχον,
711 2181 777 2237 τῶν
802 2176 920 2252 ἰσχίων
949 2177 1055 2238 αὐτοῦ
1073 2177 1215 2260 ἥπτετο·
1246 2177 1512 2258 ἀγανακτοῦντος
1536 2172 1572 2237 δέ
1595 2176 1680 2260 ἐφη·
1701 2166 1755 2238 (τί

495 2281 576 2363 γάρ;
605 2277 678 2355 οὐχί
704 2276 761 2337 καί
789 2283 894 2338 ταῦτα
925 2278 967 2337 σά
990 2278 1066 2340 ἐστι
1087 2279 1248 2363 καθάπερ
1271 2279 1328 2341 καί
1350 2279 1391 2339 τά
1413 2280 1540 2358 γόνατα
1547 2266 1569 2352 ;’
1601 2274 1696 2360 ἐλεγέ
1718 2297 1754 2339 τε

497 2377 662 2442 ἀδύνατον
696 2376 784 2440 εῖναι
817 2374 1037 2442 ἀδιάπτωτον
1071 2383 1195 2464 εὑρεῖν,
1230 2377 1310 2442 ἀλλ’
1344 2381 1460 2464 ὥσπερ
1495 2382 1530 2442 ἐν
1567 2382 1663 2464 ροιάι
1697 2381 1755 2441 καί

498 2484 631 2566 σαπρόν
647 2502 722 2543 τινα
745 2483 861 2542 κόκκον
877 2478 974 2544 εἶναι.
1013 2479 1228 2568 Νικόδρομον
1243 2479 1445 2567 ἐξερεθίσας
1467 2484 1525 2543 τὸν
1540 2478 1756 2567 κιθαρωιδόν

496 2582 731 2666 ὑπωπιάσθη·
761 2583 934 2666 προσθείς
963 2584 1021 2646 οδν
1048 2586 1228 2647 πιττάκιον
1256 2591 1321 2646 τῶι
1345 2586 1512 2663 μετώπωι
1540 2586 1754 2669 ἐπέγραψεν.

444 2696 474 2746 20
492 2677 728 2768 (Νικόδρομος
742 2673 879 2746 ἐποίειῖ
947 2687 1009 2760 τάς
1024 2690 1155 2771 πόρνας
1166 2683 1326 2770 ἐπίτηδες
1338 2682 1505 2770 ἐλοιδόρει
1518 2681 1755 2768 συγγυμνάζων
1766 2693 1801 2754 90

497 2788 616 2849 ἐαυτὸν
632 2786 720 2871 πρὸς
741 2788 803 2861 τάς
817 2785 1049 2873 βλασφημίας.
1093 2789 1290 2874 Δημήτριον
1312 2789 1371 2849 τόν
1389 2786 1547 2872 Φαληρέα
1564 2793 1754 2871 πέμψαντα

497 2891 602 2950 αδτῶι
626 2891 748 2972 ἀρτους
769 2889 826 2950 καί
850 2888 941 2951 οἶνον
958 2886 1132 2952 ὠνείδισεν
1155 2893 1276 2953 εἰπών·
1298 2882 1395 2951 (εἴθε
1417 2891 1480 2974 γὰρ
1504 2892 1541 2951 αί
1555 2898 1676 2976 κρῆναι
1697 2891 1755 2953 καί

497 2993 620 3077 ἀρτους
642 2989 792 3077 έφερον.’
837 2989 937 3078 δῆλον
960 2991 1018 3054 οδν
1042 2994 1088 3067 ὡς
1109 2989 1200 3075 ὕδωρ
1223 2993 1347 3055 ἐπινεν.
1385 2994 1453 3053 ὑπὸ
1478 3001 1544 3055 τῶν
1563 2981 1755 3078 Ἀθήνησιν

497 3095 694 3172 ἀστυνόμων
710 3095 942 3177 ἐπιτιμηθείς,
966 3097 1020 3156 ὅτι
1045 3091 1181 3157 σινδόνα
1204 3096 1384 3179 ημφίεστο,
1408 3096 1475 3180 ἐφη
1496 3087 1572 3156 (καί
1595 3094 1755 3181 Θεόφρα-

445 3205 475 3255 25
498 3212 577 3258 στον
598 3198 677 3274 ὑμῖν
701 3192 800 3271 δείξω
826 3192 962 3257 σινδόνα
979 3187 1290 3281 περιβεβλημένον’.
1335 3197 1572 3259 ἀπιστούντων
1593 3193 1641 3274 δέ,
1666 3198 1755 3282 ἀπη-

496 3318 595 3380 γαγεν
624 3298 684 3359 ἐπί
714 3302 866 3382 κουρεῖον
896 3299 953 3359 καί
981 3294 1088 3374 ἔδειξε
1116 3300 1318 3383 κειρόμενον.
1370 3300 1405 3360 ἐν
1435 3298 1566 3383 Θήβαις
1593 3300 1665 3360 ὑπὸ
1694 3305 1757 3362 τοῦ

498 3401 746 3483 γυμνασιάρχου
761 3401 996 3481 μαστιγωθείς
1019 3401 1066 3475 (οί
1090 3396 1135 3478 δέ,
1159 3402 1194 3462 ἐν
1211 3400 1392 3486 Κορίνθωι
1412 3397 1476 3462 ὑπ’
1499 3402 1754 3486 Εὐθυκράτους)

498 3503 555 3563 καί
577 3499 755 3580 έλκόμενος
777 3509 839 3563 τοῦ
859 3497 968 3576 ποδὸς
991 3499 1147 3583 ἐπέλεγεν
1171 3502 1423 3587 ἀφροντιστῶν·

702 3600 775 3664 ἐλκε
798 3600 907 3678 ποδός
929 3605 1076 3685 τεταγὼν
1099 3600 1155 3665 διὰ
1178 3603 1286 3689 βηλοῦ
1305 3606 1524 3668 θεσπεσίοιο.

448 3715 478 3765 30
583 3703 732 3791 Διοκλῆς
755 3701 792 3767 δέ
815 3721 920 3790 φησιν
951 3702 1116 3790 ἑλχθῆναι
1145 3707 1246 3768 αὐτὸν
1268 3708 1337 3769 ὑπὸ
1360 3702 1562 3790 Μενεδήμου
1587 3715 1651 3769 τοῦ
1666 3697 1754 3793 Ἐρε-
1764 3714 1798 3773 91

498 3815 621 3890 τρικοῖ.
667 3803 785 3893 ἐπειδη
809 3807 871 3889 γάρ
895 3808 1068 3892 εὐπρεπὴς
1094 3802 1135 3891 ἦν
1163 3810 1220 3870 καί
1249 3805 1359 3871 ἐδόκει
1378 3810 1594 3894 χρησιμεύειν
1613 3801 1755 3893 Ἀσκλη-

499 3904 624 3992 πιάδηι
645 3915 710 3969 τῶι
727 3905 909 3985 Φλιασίωι,
933 3910 1111 3990 ἁψόμενος
1127 3911 1232 3971 αὐτοῦ
1252 3917 1319 3972 τῶν
1333 3917 1450 3995 μηρῶν
1473 3911 1646 3994 δΚράτης
1669 3911 1754 3996 ἐφη·

604 4060 617 4110 1
637 4057 790 4120 Φιλίππου]
809 4056 843 4110 V.
866 4057 901 4110 de
918 4056 1071 4125 Maronea»,
1094 4057 1168 4112 unde
1188 4057 1365 4128 Hipparchia,
1388 4057 1495 4113 excidio
1512 4057 1574 4113 Liv.
1591 4063 1635 4126 81,
1654 4064 1695 4115 10.
1714 4065 1756 4126 39,

500 4143 533 4194 34
601 4140 892 4211 3παρακαταθέσθαι
909 4140 948 4194 F:
967 4143 1261 4211 παρακατατίθεσθαι
1278 4142 1325 4196 ΡΒ
1405 4147 1422 4196 4
1441 4149 1606 4214 γεννηθεῑεν
1622 4141 1685 4199 PB:
1710 4145 1755 4218 γέ·

499 4245 605 4282 νωνται
622 4225 653 4290 F,
670 4226 744 4280 unde
760 4225 892 4298 γένοιντο
911 4225 1001 4281 Cobet
1070 4231 1100 4281 10
1120 4224 1272 4300 τραγικοὺς
1290 4227 1355 4294 (scil.
1373 4221 1493 4300 γάμους)
1545 4226 1602 4302 γάρ
1620 4227 1685 4285 εδδ
1699 4228 1756 4287 wi-

497 4310 560 4366 lnm.
613 4306 727 4368 ἔπαθλα
746 4310 836 4366 Cobet
914 4316 944 4366 12
963 4305 1069 4368 τούτου
1087 4309 1204 4368 Cratetis
1280 4317 1319 4367 12.
1335 4316 1365 4367 13
1385 4305 1539 4369 Εὖκλείόου
1555 4329 1607 4383 pro
1627 4319 1756 4374 Δισκλεί·

499 4400 550 4453 δου
566 4402 615 4451 aut
631 4396 772 4466 scriptoris
789 4403 838 4451 aut
854 4397 960 4452 scribae
982 4413 1074 4452 errore
1091 4398 1211 4467 positum
1234 4403 1276 4452 est
1293 4397 1327 4452 of.
1345 4397 1472 4452 ZellerII
1485 4401 1584 4462 1111ὅ
1674 4405 1707 4456 13
1726 4399 1757 4458 ἐν

498 4485 551 4536 τῶι
562 4481 602 4536 sic
612 4481 682 4536 BPF
747 4486 778 4536 14
795 4501 849 4537 του
865 4481 928 4546 τὸν]
946 4476 1093 4538 τοότωνΒ
1165 4487 1196 4537 16
1214 4478 1252 4539 τὰ
1263 4476 1383 4554 γόνατα]
1400 4481 1456 4536 soil.
1473 4481 1627 4552 είεαμμίευι
1638 4500 1725 4541 essem

501 4570 531 4620 17
550 4563 629 4639 ῥοιάι
640 4570 697 4631 καί]
715 4563 800 4639 ρόακι
810 4567 834 4620 Β
904 4568 1003 4636 18100.
1021 4567 1058 4621 εδ
1070 4566 1209 4623 Socratem
1221 4567 1350 4622 transfert
1361 4564 1487 4631 Basilius,
1505 4566 1541 4622 ad
1558 4564 1758 4630 Antisthenem

501 4649 651 4720 Gregorius
668 4652 741 4716 Naz.,
758 4652 794 4707 ad
812 4651 967 4721 Diogenem
984 4653 1109 4723 cynicum
1126 4653 1186 4722 ipse
1197 4651 1322 4707 Laertius
1334 4649 1374 4706 VI
1387 4654 1418 4705 33
1489 4655 1522 4706 25
1539 4648 1724 4728 ἐπήγαγενΒ

501 4738 534 4788 26
552 4732 598 4792 ἐπί
615 4732 686 4790 τάῈ
755 4740 788 4791 30
807 4730 824 4792 ὃ
843 4733 954 4809 όιόκλης
970 4737 994 4791 Β
1063 4741 1095 4791 32
1114 4731 1309 4809 ἀφαψάμενος
1325 4737 1349 4791 Β
1355 4755 1362 4805 ;
1380 4736 1444 4792 fort.
1463 4734 1656 4809 ἐφαψάμενος
