4117 5617
526 535 747 594 DOUPROEAE
764 541 865 594 81-86
884 537 1077 604 [ΓΗΕΟΡΗΒ.
1088 538 1124 595 D.
1137 539 1234 597 6666.
1249 545 1272 596 1.
1284 546 1308 597 2.
1320 548 1345 597 7.
1358 547 1383 608 8]
1526 545 1590 604 ’99

339 706 369 765 αί
385 702 501 779 ἧμιύνοι
518 716 637 778 στεῖραι.
670 699 706 765 Ἐ
727 708 759 774 [λ]
777 704 821 765 διά
839 704 890 779 τήν
902 702 1080 780 σμικρότητα
1097 711 1146 765 καί
1157 705 1349 785 ταπεινότητα
1366 714 1416 769 καί
1433 708 1591 786 στενότητα

337 798 388 891 της
404 788 516 866 μήτρας
531 791 792 934 κατεστραμμένως
808 794 1046 864 προσπεφυκυίας
1068 796 1113 864 τῆι
1134 800 1237 866 γαστρί
1259 791 1330 867 μη’τε
1355 801 1409 855 τοῦ
1426 797 1593 868 σπέρματος

339 871 572 951 εὐθυβολοῦντος
589 877 629 944 είς
646 869 735 950 ταύτην
752 873 831 949 μήτε,
849 877 876 934 εί
890 881 941 934 καὶ
958 871 1108 949 φθάσειεν,
1126 872 1212 951 αύτῆς
1229 878 1423 956 ἐκδεχομένης.

442 1001 483 1052 83.
501 997 576 1052 Am.
587 995 668 1063 V21,
681 1001 694 1050 1
715 995 761 1094 [D.
772 992 865 1060 4361&
865 991 989 1053 νπόσωι
1005 991 1115 1067 χρόνων
1126 1001 1290 1070 μορφοῦται
1303 997 1339 1057 τά
1357 1002 1429 1102 ζώια
1446 992 1478 1058 ἐν
1489 1006 1593 1074 γαστρὶ

299 1078 355 1134 5”
338 1102 418 1138 οντα.
451 1073 487 1139 Ἐ
504 1079 552 1138 ἐπὶ
568 1080 621 1151 μὲν
638 1084 698 1138 τῶν
721 1073 888 1152 άνθρώπων
911 1077 1054 1152 άρχεσθαι
1075 1083 1125 1155 τῆς
1142 1077 1387 1153 διαρθρώσεως’
1368 1083 1427 1144 από
1446 1081 1527 1159 ἕκτης
1543 1090 1593 1143 καί

336 1171 517 1240 τριακοστῆς,
528 1170 711 1224 τελειοῦσθαι
723 1167 753 1223 66
764 1175 828 1232 τοῖς
837 1159 986 1236 μορίοις
966 1162 1026 1223 απὸ
1039 1172 1233 1241 πεντηκοστῆς
1243 1173 1310 1238 μιᾶς
1321 1169 1440 1242 δεούσης
1451 1170 1495 1238 (οἱ.
1503 1188 1531 1225 n.
1540 1175 1592 1240 82).

335 1251 490 1308 Onmsms
505 1269 541 1308 ex
552 1251 701 1306 Athenaeo
714 1251 757 1307 III
768 1256 810 1319 78,
826 1256 857 1306 16
871 1250 992 1316 [Diocles
1003 1250 1037 1305 fr.
1051 1255 1108 1316 175]
1120 1256 1187 1322 περὶ
1198 1253 1229 1310 δὲ
1240 1252 1292 1320 τάς
1303 1254 1446 1326 τέσσαρας
1457 1250 1593 1322 ἐννεάδος

336 1331 442 1407 όράται
453 1340 573 1408 πρώτον
584 1335 799 1406 διακεκριμένον
812 1331 882 1395 ὅλον
900 1334 934 1397 τό
948 1339 1032 1404 σῶμα
1045 1331 1062 1391 6
1079 1333 1113 1392 τό
1126 1343 1292 1396 τελευταῖον
1302 1342 1371 1408 μιᾶς
1382 1341 1593 1414 προστεθείσης

339 1419 476 1492 τετράδος
492 1425 560 1491 περὶ
577 1419 628 1495 τὴν
640 1420 903 1492 τεσσαρακοντάδα.
940 1431 1088 1493 συμφωνεῖ
1103 1422 1134 1480 66
1151 1432 1213 1489 τοῖς
1229 1420 1350 1495 χρόνοις
1367 1427 1417 1495 τῆς
1434 1429 1594 1491 παντελοῦς

286 1512 315 1562 16
336 1511 395 1564 τῶν
399 1502 553 1611 ἐμβρύων
558 1507 727 1577 διακρίσεως
740 1510 789 1562 καί
807 1498 824 1562 6
837 1501 958 1577 φυσικός
973 1499 1010 1563 Ἐ
1026 1508 1076 1562 καί
1087 1509 1181 1578 φησίν,
1200 1501 1245 1565 ότι
1256 1513 1371 1567 θᾶσσον
1382 1513 1594 1582 διαμορφοῦται

337 1590 372 1649 τό
392 1587 482 1662 ἄρρεν
499 1593 553 1648 τοῦ
569 1588 676 1661 θήλεος
691 1593 741 1647 καί
763 1611 798 1648 τοι
789 1587 849 1647 ἐν
866 1599 929 1657 τοῖς
950 1594 1053 1657 δεξιοῖς
1070 1595 1129 1647 τών
1145 1590 1178 1650 ἐν
1200 1602 1263 1660 τοῖς
1284 1586 1447 1664 εῦωνύμοις.
1483 1595 1592 1652 Omo-

336 1694 397 1732 nm.
409 1682 435 1744 7,
447 1681 463 1730 5
480 1675 594 1746 εερδὶκιο
606 1690 696 1730 meme
709 1691 811 1744 parere
828 1675 969 1730 mulierem
983 1690 1064 1744 ροισι
1078 1677 1197 1745 pluo-imi
1214 1678 1367 1747 adfirmant
1382 1682 1453 1736 πί..
1465 1679 1593 1750 ,Εοιρτ-

337 1761 432 1828 δοοίτο,
448 1759 587 1831 Ερίηαποε
603 1760 737 1829 πολύδριον
750 1763 902 1830 praeterea.

440 1879 719 1946 84.Cmso12m.6‚1
736 1877 780 1946 Ε,
800 1894 878 1946 quem
894 1877 926 1933 ῦπ
942 1877 991 1934 hoc
1002 1879 1160 1936 Ανίεδοδοίοε
1176 1883 1283 1935 secutus
1299 1884 1428 1947 κλωνία
1441 1880 1535 1937 omnia
1547 1896 1594 1936 σον

286 1970 314 2020 15
335 1963 471 2018 iudicavit
485 1963 636 2032 ι’ποκοοοονο,
656 1962 729 2033 quod
745 1961 865 2018 λοιπίπίο
882 1963 968 2018 vitam
985 1963 1107 2019 maxime
1124 1964 1269 2020 contineat.

440 2086 482 2137 85.
498 2085 569 2138 Am.
586 2081 694 2147 Vm
713 2081 758 2147 [D.
770 2086 830 2146 465]
846 2073 884 2139 Ἐ
896 2080 950 2138 τόν
961 2081 1016 2151 μὲν
1033 2075 1125 2142 ῦπνον,
1135 2081 1295 2155 καταψύξει
1312 2087 1366 2141 τοῦ
1382 2082 1414 2142 ἐν
1431 2088 1484 2141 τῶι
1496 2081 1592 2155 αἵματι

337 2173 449 2240 θερμοῦ
467 2166 630 2238 συμμέτρωι
652 2169 793 2239 γίνεσθαι,
815 2169 860 2238 τῆι
877 2167 907 2224 66
929 2173 1065 2225 παντελεῖ
1086 2165 1225 2226 θάνατον.
1259 2173 1330 2236 25,4
1348 2168 1393 2234 [1).
1405 2174 1466 2236 467]
1484 2162 1518 2226 Ἐ
1538 2167 1592 2226 τόν

336 2253 470 2314 θάνατον
486 2256 637 2326 γίγνεσθαι
660 2254 855 2322 διαχωρισμιύι
877 2254 931 2308 τοῦ
947 2243 1097 2322 πυρώδους
1119 2256 1186 2321 (καὶ
1203 2246 1349 2324 άερώδους
1365 2258 1414 2311 καὶ
1430 2248 1593 2321 ὑδατώδους

337 2345 386 2398 καὶ
403 2335 547 2412 γεώδους)
563 2335 596 2404 ἐξ
611 2326 653 2392 ών
669 2330 687 2408 6
709 2331 853 2409 σύγκρισις
869 2339 922 2392 τῶι
940 2328 1100 2408 άνθρώπωι
1119 2333 1294 2410 συνεστάθη·
1318 2333 1394 2396 ὥστε
1410 2337 1486 2396 κατά
1503 2342 1590 2398 τοῦτο

283 2428 315 2478 26
336 2422 438 2482 κοινόν
456 2418 529 2480 εἶναι
546 2418 600 2479 τόν
615 2420 748 2479 θάνατον
765 2415 900 2489 σώματος
915 2424 965 2479 καί
977 2426 1080 2496 ψυχῆς·
1097 2416 1190 2482 ῦπνον
1207 2423 1237 2479 66
1248 2425 1381 2495 γίνεσθαι
1399 2425 1591 2495 διαχωρισμῶι

337 2513 390 2568 τοῦ
407 2505 566 2578 πυρώδους.

871 2726 920 2782 De
937 2727 1055 2782 anima.

440 2835 482 2886 86.
499 2829 702 2884 morum.
716 2827 751 2882 (1ο
762 2843 845 2883 sensu
864 2831 944 2898 1sqq
966 2827 1011 2892 [D.
1023 2831 1149 2898 49961111
1168 2830 1347 2902 Παρμενίδης
1357 2828 1412 2898 μὲν
1423 2833 1471 2886 καὶ
1488 2823 1524 2887 Ἐ
1543 2833 1592 2887 καὶ

338 2913 461 2977 Πλάτων
487 2916 540 2971 τῶι
563 2907 668 2982 όμοίωι
691 2916 737 2976 [ου.
760 2915 876 2968 ποιοῦσι
899 2907 952 2982 τὴν
969 2908 1123 2984 αίᾛσθησιν]
1146 2912 1228 2971 0666
1214 2913 1316 2983 επερί
1334 2906 1526 2986 Ἀναξαγόραν
1542 2918 1591 2972 καί
1628 2912 1641 2962 l

284 3019 315 3069 25
332 2999 518 3078 Ἡράκλειτον
538 3001 592 3055 τώι
612 2994 709 3054 ἐναντί
698 2998 764 3053 ίωι.
783 2999 896 3068 ..περὶ
919 2992 1040 3070 ἑκάστης
1057 2997 1087 3054 66
1105 3001 1164 3054 τῶν
1180 2992 1255 3056 κατά
1274 2998 1366 3071 μέρος
1384 2996 1412 3055 σί
1433 2998 1487 3068 μὲν
1508 2994 1642 3056 άλλοιῖ

337 3083 444 3161 σχεδόν
461 3080 676 3149 ἀπολείπουσιν,
697 3073 735 3138 Ἐ
754 3035 790 3138 δὲ.
805 3084 939 3153 πειρᾶται
962 3083 1012 3137 καί
1029 3079 1137 3148 ταύτας
1154 3075 1273 3154 άνάγειν
1296 3081 1384 3149 εἰς
1353 3103 1405 3154 την
1423 3078 1590 3156 ὁμοιότητα.

439 3170 485 3237 [1).
497 3173 557 3235 560]
572 3161 609 3226 Ε.
627 3167 658 3225 66
675 3170 742 3235 περὶ
760 3161 884 3224 άπασών
901 3160 1013 3234 ὁμοίως
1030 3165 1105 3238 λέγει
1122 3169 1172 3223 καί
1189 3186 1258 3239 φησι
1275 3170 1328 3223 τώι
1345 3165 1591 3238 ἐναρμόττεινείς
1627 3166 1641 3214 7

338 3244 405 3325 τούς
417 3252 529 3328 πόρους
545 3250 615 3318 τοῦς
626 3248 748 3323 ἑκάστης
760 3246 965 3308 αισθάνεσθαι·
984 3245 1029 3308 διό
1048 3255 1098 3308 καί
1116 3270 1150 3309 ου
1142 3244 1312 3317 δύνασθαι,
1329 3249 1365 3309 τά
1384 3245 1514 3325 άλλὴλων
1530 3256 1592 3326 κρί·

338 3365 406 3410 νειν,
430 3335 553 3399 ὅτιτῶν
575 3337 629 3408 μὲν
652 3329 801 3407 εῦρύτεροί
823 3355 894 3404 πως,
917 3338 978 3391 τοῖν
999 3335 1030 3392 66
1053 3331 1227 3410 στενώτεροι
1249 3331 1439 3408 τυγχάνουσιν
1457 3337 1485 3394 οί
1502 3334 1592 3412 πόροι

286 3444 317 3494 36
338 3427 414 3498 πρὸς
432 3425 466 3483 τό
487 3418 636 3495 αἰσθητόν,
654 3415 695 3488 ώς
711 3442 747 3481 τα
739 3419 820 3490 μὲν
837 3411 890 3519 ούχ
908 3414 1062 3489 άπτύμενα
1080 3425 1236 3479 διευτονεῖν
1257 3414 1339 3478 τάδ’
1359 3413 1434 3488 ὅλως
1451 3421 1592 3480 εἰσελθεῖν

339 3506 533 3571 ούδύνασθαι.
562 3510 697 3580 πειρᾶται
713 3505 744 3563 66
760 3507 816 3561 καί
826 3501 879 3574 την
897 3499 969 3577 οηιιν
979 3505 1081 3577 λέγειν
1097 3508 1171 3565 ποία
1183 3507 1228 3572 τίς
1244 3503 1319 3563 ἐστι·
1337 3508 1386 3562 καὶ
1398 3509 1467 3578 φησί
1484 3505 1519 3563 τό
1538 3527 1592 3575 μεν

337 3595 421 3664 ἐντός
438 3588 524 3665 αύτῆς
535 3588 609 3651 εἶναι
626 3596 683 3662 πῦρ
701 3590 745 3656 [cf.
762 3589 796 3644 fr.
808 3592 850 3644 84.
863 3591 915 3656 85],
932 3584 967 3645 τὸ
987 3589 1017 3647 66
1028 3594 1095 3664 περὶ
1113 3584 1185 3649 αύτὸ
1205 3591 1270 3657 [scil.
1283 3611 1318 3648 το
1309 3590 1397 3661 πῦρ]
1415 3583 1508 3662 (ύδωρ
1525 3592 1592 3662 καί)

337 3685 390 3755 γῆν
405 3684 455 3738 καί
477 3673 551 3750 άίρα
568 3670 607 3733 δι’
625 3667 667 3733 ὧν
689 3675 788 3732 διιέναι
805 3669 956 3730 λεπτδν”
936 3693 972 3730 ον
993 3675 1130 3749 καθάπερ
1152 3672 1187 3734 τὸ
1206 3675 1239 3734 ἐν
1257 3685 1319 3743 τοῖς
1340 3679 1504 3778 λαμπτῆρσι
1520 3679 1591 3748 φώς.

337 3765 406 3833 τούς
422 3765 452 3823 66
464 3759 575 3835 πόρους
586 3759 710 3828 ἐναλλάξ
718 3764 834 3818 κεῖσθαι
851 3762 904 3817 τοῦ
921 3778 952 3816 τε
964 3759 1058 3832 πυρός
1074 3764 1123 3817 καί
1141 3781 1193 3819 του
1181 3752 1319 3828 ῦδατος,
1336 3749 1379 3816 τόν
1395 3769 1458 3826 τοῖς
1469 3760 1522 3830 μὲν
1538 3764 1593 3819 τοῦ

284 3868 315 3918 35
336 3849 430 3922 πυρός
446 3870 483 3908 τα
473 3842 590 3913 λευκά,
608 3855 671 3912 τοῖς
682 3845 713 3903 66
724 3866 777 3902 του
765 3834 892 3911 ύδατος
903 3842 939 3901 τά
952 3845 1062 3914 με’λανα
1074 3848 1238 3920 γνωρίζειν·
1256 3840 1493 3919 ἐναρμόττειν
1457 3865 1516 3919 γαρ
1528 3841 1591 3902 ἑκα·

338 3936 433 4011 τέροις
450 3931 583 4004 ἑκάτερα.
618 3931 760 4005 φέρεσθαι
778 3930 808 3997 66
824 3928 861 3989 τά
878 3925 1020 4001 χρώματα
1042 3925 1118 4002 πρὸς
1135 3929 1188 4004 την
1207 3927 1277 4002 όψιν
1293 3925 1338 3987 διά
1361 3927 1414 4001 τὴν
1431 3923 1591 4004 άπορροὴν.

440 4022 609 4091 συγκεῖσθαι
631 4009 660 4072 δ’
678 4009 731 4086 ούχ
756 4009 874 4084 ύμοίως,
894 4007 981 4085 <άλλά
1000 4011 1054 4080 τάς
1075 4014 1128 4083 μὲν
1149 4013 1183 4072 ἐκ
1205 4019 1264 4072 των
1282 4008 1420 4084 όμοίων),
1443 4011 1538 4080 τάςδ’
1557 4012 1640 4071 ίκ8

337 4111 396 4163 τοῖν
414 4100 626 4173 άντικειμὲνων,
644 4103 693 4157 καί
711 4107 775 4166 ταῖς
791 4099 845 4169 μὲν
861 4097 1004 4169 ἐνμὲσωι,
1020 4093 1130 4166 ταῑςδ’
1147 4093 1364 4165 ἐκτὸςείναι
1335 4118 1370 4155 το
1389 4101 1459 4170 πῦρ
1478 4093 1591 4154 διὸκαὶ

337 4194 397 4248 τῶν
414 4186 508 4259 ζώιων
525 4208 562 4244 τα
552 4184 633 4255 μὲν
649 4182 681 4242 ἐν
698 4178 849 4287 666961
819 4204 855 4242 τα
872 4179 953 4241 66'
920 4204 1034 4256 νυκτωρ
1051 4188 1163 4253 μᾶλλον
1181 4177 1335 4251 ύξυωπεῖν·
1355 4172 1410 4238 ύσα
1427 4181 1480 4251 μὲν
1498 4181 1591 4254 πυρός

285 4288 315 4338 46
337 4270 493 4334 ἔλαττον”
476 4294 543 4345 εχει,
559 4263 632 4342 μεθ’
653 4264 777 4342 ἡμέραν·
798 4264 1061 4326 ἐπανισοῦσθαι
1026 4290 1084 4342 γαρ
1106 4262 1205 4334 αύτοῐς
1227 4263 1262 4324 τὸ
1280 4263 1366 4332 ἐν’τός
1381 4270 1445 4366 φώς
1461 4260 1518 4323 ύπό
1537 4269 1591 4324 τοῦ

337 4350 472 4426 §mdc-⁰
453 4378 510 4417 οσα
528 4357 558 4414 66
576 4359 628 4413 τοῦ
646 4351 822 4412 ἐναντίου’
790 4370 913 4427 νυκτωρ·
932 4351 1210 4427 ἐπαναπληροῦσθαι
1227 4350 1284 4424 γάρ
1301 4353 1351 4408 καί
1362 4346 1477 4416 τούτοις
1492 4345 1528 4407 τό
1546 4348 1589 4408 ἐν·

338 4446 406 4512 δεές
441 4442 473 4501 ἐν
490 4443 520 4500 66
537 4450 600 4507 τοις
610 4438 753 4505 ἐναντίοις
770 4436 943 4508 (ἐναντίως)
960 4434 1109 4509 ἑκάτερον.
1139 4431 1324 4511 άμβλυωπεῖν
1341 4432 1463 4507 μὲνγαρ
1480 4437 1529 4491 κα)
1547 4428 1591 4500 οἷς

337 4525 469 4602 ύπερέχει
485 4523 521 4586 τό
540 4529 611 4626 πῦρ
627 4523 788 4596 ἐπαυξηθὲν
803 4521 896 4596 <γάρ>
912 4521 954 4581 ἔτι
972 4516 1043 4592 μεθ’
1054 4517 1164 4595 ἡμέραν
1181 4517 1365 4579 ἐπιπλάττειν
1380 4522 1430 4575 καὶ
1445 4523 1591 4589 καταλαμ-

337 4611 438 4688 βάνειν
450 4613 519 4680 τοῦς
536 4631 589 4670 του
576 4601 704 4675 ύδατος
716 4605 849 4709 πόρους
859 4602 902 4674 οἷς
914 4603 991 4664 66
961 4629 995 4665 το
1008 4597 1094 4681 ύδωρ,
1112 4599 1202 4665 τοῦτό
1216 4609 1303 4663 τοῦτο
1317 4607 1450 4677 γίνεσθαι
1462 4599 1589 4675 νύκτωρ·

285 4714 315 4763 45
335 4694 614 4772 καταλαμβάνεσθαι
631 4691 689 4767 γάρ
707 4689 742 4750 τὸ
761 4696 818 4766 πῦρ
835 4687 893 4749 ὑπὸ
911 4711 963 4749 του
950 4683 1088 4759 ’ύδατος
1122 4693 1290 4766 (γίγνεσθαι
1307 4691 1337 4748 δ
1348 4689 1465 4856 τηῦτα),
1457 4684 1574 4756 ,wc
1554 4709 1591 4747 αν

1342 4780 1382 4888 37
