<?xml version="1.0" encoding="UTF-8"?>
<!DOCTYPE html PUBLIC "-//W3C//DTD XHTML 1.0 Transitional//EN"
    "http://www.w3.org/TR/xhtml1/DTD/xhtml1-transitional.dtd">
<html xmlns="http://www.w3.org/1999/xhtml" xml:lang="en" lang="en">
 <head>
  <title>
</title>
<meta http-equiv="Content-Type" content="text/html;charset=utf-8" />
  <meta name='ocr-system' content='tesseract 3.04.00' />
  <meta name='ocr-capabilities' content='ocr_page ocr_carea ocr_par ocr_line ocrx_word'/>
</head>
<body>
  <div class='ocr_page' id='page_1' title='image "./poetarvmphiloso00dielgoog_0045.png"; bbox 0 0 4117 5617; ppageno 0'>
   <div class='ocr_carea' id='block_1_1' title="bbox 555 554 1555 617">
    <p class='ocr_par' dir='ltr' id='par_1_1' title="bbox 555 554 1555 617">
     <span class='ocr_line' id='line_1_1' title="bbox 555 554 1555 617; baseline 0.005 -6"><span class='ocrx_word' id='word_1_1' title='bbox 555 559 588 610; x_wconf 79' lang='lat' dir='ltr'><strong><em>A.</em></strong></span> <span class='ocrx_word' id='word_1_2' title='bbox 605 555 706 611; x_wconf 86' lang='lat' dir='ltr'><strong>TEST.</strong></span> <span class='ocrx_word' id='word_1_3' title='bbox 723 556 837 611; x_wconf 85' lang='lat' dir='ltr'>VITAE</span> <span class='ocrx_word' id='word_1_4' title='bbox 855 559 947 610; x_wconf 90' lang='grc'><strong>8-11.</strong></span> <span class='ocrx_word' id='word_1_5' title='bbox 983 554 1117 611; x_wconf 81' lang='lat' dir='ltr'><strong>DOCTR.</strong></span> <span class='ocrx_word' id='word_1_6' title='bbox 1136 560 1236 611; x_wconf 84' lang='grc'><strong>12-19</strong></span> <span class='ocrx_word' id='word_1_7' title='bbox 1516 560 1555 617; x_wconf 85' lang='grc'><strong><em>15</em></strong></span> 
     </span>
    </p>
   </div>
   <div class='ocr_carea' id='block_1_2' title="bbox 291 714 1556 885">
    <p class='ocr_par' dir='ltr' id='par_1_2' title="bbox 291 714 1556 885">
     <span class='ocr_line' id='line_1_2' title="bbox 291 714 1554 797; baseline 0.003 -16"><span class='ocrx_word' id='word_1_8' title='bbox 291 719 385 797; x_wconf 78' lang='grc' dir='ltr'><strong><em>ύγρὰν</em></strong></span> <span class='ocrx_word' id='word_1_9' title='bbox 398 714 489 783; x_wconf 77' lang='grc' dir='ltr'><strong><em>οὖσαν</em></strong></span> <span class='ocrx_word' id='word_1_10' title='bbox 504 727 554 781; x_wconf 80' lang='grc' dir='ltr'><strong><em>καὶ</em></strong></span> <span class='ocrx_word' id='word_1_11' title='bbox 566 717 638 782; x_wconf 84' lang='grc' dir='ltr'><strong><em>αύτὸ</em></strong></span> <span class='ocrx_word' id='word_1_12' title='bbox 656 719 691 781; x_wconf 83' lang='grc' dir='ltr'><strong><em>τὸ</em></strong></span> <span class='ocrx_word' id='word_1_13' title='bbox 709 719 822 796; x_wconf 85' lang='grc' dir='ltr'><strong><em>θερμὸν</em></strong></span> <span class='ocrx_word' id='word_1_14' title='bbox 838 722 873 782; x_wconf 84' lang='grc' dir='ltr'><strong><em>έκ</em></strong></span> <span class='ocrx_word' id='word_1_15' title='bbox 890 720 996 782; x_wconf 89' lang='grc' dir='ltr'><strong><em>τούτου</em></strong></span> <span class='ocrx_word' id='word_1_16' title='bbox 1011 722 1185 797; x_wconf 85' lang='grc' dir='ltr'><strong><em>γιγνόμενον</em></strong></span> <span class='ocrx_word' id='word_1_17' title='bbox 1201 728 1250 782; x_wconf 80' lang='grc' dir='ltr'><strong><em>καὶ</em></strong></span> <span class='ocrx_word' id='word_1_18' title='bbox 1262 723 1368 783; x_wconf 86' lang='grc' dir='ltr'><strong><em>τούτωι</em></strong></span> <span class='ocrx_word' id='word_1_19' title='bbox 1386 728 1445 795; x_wconf 79' lang='grc' dir='ltr'><strong><em>ζαῖν</em></strong></span> <span class='ocrx_word' id='word_1_20' title='bbox 1462 726 1508 792; x_wconf 82' lang='grc' dir='ltr'><strong><em>(τὸ</em></strong></span> <span class='ocrx_word' id='word_1_21' title='bbox 1527 722 1554 785; x_wconf 81' lang='grc' dir='ltr'><strong><em>δ’</em></strong></span> 
     </span>
     <span class='ocr_line' id='line_1_3' title="bbox 292 799 1556 885; baseline 0.001 -18"><span class='ocrx_word' id='word_1_22' title='bbox 292 808 329 877; x_wconf 83' lang='grc' dir='ltr'><strong><em>έξ,</em></strong></span> <span class='ocrx_word' id='word_1_23' title='bbox 341 799 377 867; x_wconf 80' lang='grc' dir='ltr'><strong><em>οὗ</em></strong></span> <span class='ocrx_word' id='word_1_24' title='bbox 390 810 528 882; x_wconf 85' lang='grc' dir='ltr'><strong><em>γίγνεται,</em></strong></span> <span class='ocrx_word' id='word_1_25' title='bbox 545 803 628 867; x_wconf 84' lang='grc' dir='ltr'><strong><em>τοῦτ’</em></strong></span> <span class='ocrx_word' id='word_1_26' title='bbox 644 806 723 866; x_wconf 78' lang='grc' dir='ltr'><strong><em>ἐστίν</em></strong></span> <span class='ocrx_word' id='word_1_27' title='bbox 733 802 808 881; x_wconf 77' lang='grc' dir='ltr'><strong><em>α’ρχὴ</em></strong></span> <span class='ocrx_word' id='word_1_28' title='bbox 820 809 958 875; x_wconf 81' lang='grc' dir='ltr'><strong><em>πάντων),</em></strong></span> <span class='ocrx_word' id='word_1_29' title='bbox 975 805 1020 866; x_wconf 82' lang='grc' dir='ltr'><strong><em>διά</em></strong></span> <span class='ocrx_word' id='word_1_30' title='bbox 1039 829 1071 867; x_wconf 88' lang='grc' dir='ltr'><strong><em>τε</em></strong></span> <span class='ocrx_word' id='word_1_31' title='bbox 1083 805 1116 882; x_wconf 80' lang='grc' dir='ltr'><strong><em>δη</em></strong></span> <span class='ocrx_word' id='word_1_32' title='bbox 1128 814 1216 869; x_wconf 85' lang='grc' dir='ltr'><strong><em>τοῦτο</em></strong></span> <span class='ocrx_word' id='word_1_33' title='bbox 1235 805 1287 882; x_wconf 76' lang='grc' dir='ltr'><strong><em>τὴν</em></strong></span> <span class='ocrx_word' id='word_1_34' title='bbox 1296 806 1444 884; x_wconf 78' lang='grc' dir='ltr'><strong><em>ύπόληψιν</em></strong></span> <span class='ocrx_word' id='word_1_35' title='bbox 1456 808 1556 885; x_wconf 78' lang='grc' dir='ltr'><strong><em>λαβὼν</em></strong></span> 
     </span>
    </p>
   </div>
   <div class='ocr_carea' id='block_1_3' title="bbox 292 887 1556 1391">
    <p class='ocr_par' dir='ltr' id='par_1_3' title="bbox 292 887 1556 1391">
     <span class='ocr_line' id='line_1_4' title="bbox 292 887 1556 971; baseline 0.003 -21"><span class='ocrx_word' id='word_1_36' title='bbox 292 890 401 966; x_wconf 87' lang='grc' dir='ltr'><strong><em>ταύτην</em></strong></span> <span class='ocrx_word' id='word_1_37' title='bbox 422 897 472 951; x_wconf 84' lang='grc' dir='ltr'><strong><em>καί</em></strong></span> <span class='ocrx_word' id='word_1_38' title='bbox 493 889 538 952; x_wconf 80' lang='grc' dir='ltr'><strong><em>διὰ</em></strong></span> <span class='ocrx_word' id='word_1_39' title='bbox 561 889 596 951; x_wconf 86' lang='grc' dir='ltr'><strong><em>τὸ</em></strong></span> <span class='ocrx_word' id='word_1_40' title='bbox 620 889 739 952; x_wconf 79' lang='grc' dir='ltr'><strong><em>πάντων</em></strong></span> <span class='ocrx_word' id='word_1_41' title='bbox 759 892 795 953; x_wconf 82' lang='grc' dir='ltr'><strong><em>τοὶ</em></strong></span> <span class='ocrx_word' id='word_1_42' title='bbox 815 894 967 968; x_wconf 90' lang='grc' dir='ltr'><strong><em>σπέρματα</em></strong></span> <span class='ocrx_word' id='word_1_43' title='bbox 984 892 1039 966; x_wconf 82' lang='grc' dir='ltr'><strong><em>τὴν</em></strong></span> <span class='ocrx_word' id='word_1_44' title='bbox 1060 890 1146 966; x_wconf 86' lang='grc' dir='ltr'><strong><em>φύσιν</em></strong></span> <span class='ocrx_word' id='word_1_45' title='bbox 1161 889 1255 969; x_wconf 81' lang='grc' dir='ltr'><strong><em>ύγρύιν</em></strong></span> <span class='ocrx_word' id='word_1_46' title='bbox 1272 889 1355 967; x_wconf 71' lang='grc' dir='ltr'><strong><em>ἔχειν,</em></strong></span> <span class='ocrx_word' id='word_1_47' title='bbox 1377 891 1413 953; x_wconf 88' lang='grc' dir='ltr'><strong><em>τὸ</em></strong></span> <span class='ocrx_word' id='word_1_48' title='bbox 1432 888 1461 952; x_wconf 82' lang='grc' dir='ltr'><strong><em>δ’</em></strong></span> <span class='ocrx_word' id='word_1_49' title='bbox 1477 887 1556 971; x_wconf 80' lang='grc' dir='ltr'><strong><em>ύδτυρ</em></strong></span> 
     </span>
     <span class='ocr_line' id='line_1_5' title="bbox 292 973 1556 1054; baseline -0.001 -16"><span class='ocrx_word' id='word_1_50' title='bbox 292 973 369 1054; x_wconf 83' lang='grc' dir='ltr'><strong><em>οἷρχη</em></strong></span> <span class='ocrx_word' id='word_1_51' title='bbox 385 983 436 1051; x_wconf 78' lang='grc' dir='ltr'><strong><em>τῆς</em></strong></span> <span class='ocrx_word' id='word_1_52' title='bbox 453 974 567 1049; x_wconf 81' lang='grc' dir='ltr'><strong><em>φύσεώς</em></strong></span> <span class='ocrx_word' id='word_1_53' title='bbox 583 975 643 1036; x_wconf 87' lang='grc' dir='ltr'><strong><em>έστι</em></strong></span> <span class='ocrx_word' id='word_1_54' title='bbox 660 987 723 1044; x_wconf 88' lang='grc' dir='ltr'><strong><em>τοῖς</em></strong></span> <span class='ocrx_word' id='word_1_55' title='bbox 739 974 846 1051; x_wconf 77' lang='grc' dir='ltr'><strong><em>ύγροῑς.</em></strong></span> <span class='ocrx_word' id='word_1_56' title='bbox 873 979 928 1036; x_wconf 89' lang='grc' dir='ltr'><strong><em>είσί</em></strong></span> <span class='ocrx_word' id='word_1_57' title='bbox 945 978 976 1036; x_wconf 86' lang='grc' dir='ltr'><strong><em>δέ</em></strong></span> <span class='ocrx_word' id='word_1_58' title='bbox 992 999 1069 1045; x_wconf 88' lang='grc' dir='ltr'><strong><em>τινες</em></strong></span> <span class='ocrx_word' id='word_1_59' title='bbox 1086 977 1115 1036; x_wconf 77' lang='grc' dir='ltr'><strong><em>οἳ</em></strong></span> <span class='ocrx_word' id='word_1_60' title='bbox 1131 983 1181 1036; x_wconf 81' lang='grc' dir='ltr'><strong><em>καὶ</em></strong></span> <span class='ocrx_word' id='word_1_61' title='bbox 1198 975 1267 1047; x_wconf 85' lang='grc' dir='ltr'><strong><em>τούς</em></strong></span> <span class='ocrx_word' id='word_1_62' title='bbox 1284 982 1492 1049; x_wconf 80' lang='grc' dir='ltr'><strong><em>παμπαλαίους</em></strong></span> <span class='ocrx_word' id='word_1_63' title='bbox 1506 985 1556 1038; x_wconf 83' lang='grc' dir='ltr'><strong><em>καὶ</em></strong></span> 
     </span>
     <span class='ocr_line' id='line_1_6' title="bbox 293 1054 1555 1139; baseline 0.002 -17"><span class='ocrx_word' id='word_1_64' title='bbox 293 1061 370 1123; x_wconf 84' lang='grc' dir='ltr'><strong><em>πολύ</em></strong></span> <span class='ocrx_word' id='word_1_65' title='bbox 386 1059 514 1137; x_wconf 76' lang='grc' dir='ltr'><strong><em>πρὸτῆς</em></strong></span> <span class='ocrx_word' id='word_1_66' title='bbox 535 1067 586 1122; x_wconf 79' lang='grc' dir='ltr'><strong><em>νῦν</em></strong></span> <span class='ocrx_word' id='word_1_67' title='bbox 601 1063 741 1136; x_wconf 84' lang='grc' dir='ltr'><strong><em>γενέσεως</em></strong></span> <span class='ocrx_word' id='word_1_68' title='bbox 761 1067 811 1120; x_wconf 86' lang='grc' dir='ltr'><strong><em>καί</em></strong></span> <span class='ocrx_word' id='word_1_69' title='bbox 829 1059 963 1138; x_wconf 81' lang='grc' dir='ltr'><strong><em>πρώτους</em></strong></span> <span class='ocrx_word' id='word_1_70' title='bbox 984 1054 1222 1136; x_wconf 78' lang='grc' dir='ltr'><strong><em>θεολογήσαντας</em></strong></span> <span class='ocrx_word' id='word_1_71' title='bbox 1244 1056 1337 1130; x_wconf 84' lang='grc' dir='ltr'><strong><em>ούτως</em></strong></span> <span class='ocrx_word' id='word_1_72' title='bbox 1359 1063 1473 1123; x_wconf 83' lang='grc' dir='ltr'><strong><em>οίονται</em></strong></span> <span class='ocrx_word' id='word_1_73' title='bbox 1489 1071 1555 1139; x_wconf 84' lang='grc' dir='ltr'><strong><em>περὶ</em></strong></span> 
     </span>
     <span class='ocr_line' id='line_1_7' title="bbox 293 1140 1556 1223; baseline 0.003 -18"><span class='ocrx_word' id='word_1_74' title='bbox 293 1151 346 1220; x_wconf 82' lang='grc' dir='ltr'><strong><em>τῆς</em></strong></span> <span class='ocrx_word' id='word_1_75' title='bbox 361 1140 476 1222; x_wconf 84' lang='grc' dir='ltr'><strong><em>φύσεως</em></strong></span> <span class='ocrx_word' id='word_1_76' title='bbox 496 1142 669 1222; x_wconf 76' lang='grc' dir='ltr'><strong><em>ύπολαβεῖν·</em></strong></span> <span class='ocrx_word' id='word_1_77' title='bbox 697 1145 838 1205; x_wconf 86' lang='grc' dir='ltr'><strong><em>Ὠκεανόν</em></strong></span> <span class='ocrx_word' id='word_1_78' title='bbox 862 1168 895 1206; x_wconf 88' lang='grc' dir='ltr'><strong><em>τε</em></strong></span> <span class='ocrx_word' id='word_1_79' title='bbox 920 1143 978 1220; x_wconf 81' lang='grc' dir='ltr'><strong><em>γὰρ</em></strong></span> <span class='ocrx_word' id='word_1_80' title='bbox 995 1151 1045 1206; x_wconf 85' lang='grc' dir='ltr'><strong><em>καί</em></strong></span> <span class='ocrx_word' id='word_1_81' title='bbox 1066 1145 1162 1221; x_wconf 78' lang='grc' dir='ltr'><strong><em>Τηθύν</em></strong></span> <span class='ocrx_word' id='word_1_82' title='bbox 1184 1149 1325 1222; x_wconf 79' lang='grc' dir='ltr'><strong><em>ἐποίησαν</em></strong></span> <span class='ocrx_word' id='word_1_83' title='bbox 1346 1152 1398 1222; x_wconf 84' lang='grc' dir='ltr'><strong><em>τῆς</em></strong></span> <span class='ocrx_word' id='word_1_84' title='bbox 1415 1151 1556 1223; x_wconf 84' lang='grc' dir='ltr'><strong><em>γενέσεως</em></strong></span> 
     </span>
     <span class='ocr_line' id='line_1_8' title="bbox 293 1223 1554 1308; baseline 0.002 -18"><span class='ocrx_word' id='word_1_85' title='bbox 293 1233 431 1308; x_wconf 67' lang='grc' dir='ltr'><strong><em>πατέρας,</em></strong></span> <span class='ocrx_word' id='word_1_86' title='bbox 453 1237 503 1290; x_wconf 85' lang='grc' dir='ltr'><strong><em>καί</em></strong></span> <span class='ocrx_word' id='word_1_87' title='bbox 524 1228 579 1291; x_wconf 88' lang='grc' dir='ltr'><strong><em>τὸν</em></strong></span> <span class='ocrx_word' id='word_1_88' title='bbox 601 1224 693 1305; x_wconf 71' lang='grc' dir='ltr'><strong><em>ὅρκον</em></strong></span> <span class='ocrx_word' id='word_1_89' title='bbox 714 1236 774 1288; x_wconf 78' lang='grc' dir='ltr'><strong><em>τῶν</em></strong></span> <span class='ocrx_word' id='word_1_90' title='bbox 791 1237 871 1290; x_wconf 83' lang='grc' dir='ltr'><strong><em>θεῶν</em></strong></span> <span class='ocrx_word' id='word_1_91' title='bbox 895 1223 983 1304; x_wconf 84' lang='grc' dir='ltr'><strong><em>ύδωρ,</em></strong></span> <span class='ocrx_word' id='word_1_92' title='bbox 1000 1233 1054 1305; x_wconf 77' lang='grc' dir='ltr'><strong><em>τὴν</em></strong></span> <span class='ocrx_word' id='word_1_93' title='bbox 1070 1234 1250 1307; x_wconf 77' lang='grc' dir='ltr'><strong><em>καλουμένην</em></strong></span> <span class='ocrx_word' id='word_1_94' title='bbox 1266 1227 1318 1293; x_wconf 72' lang='grc' dir='ltr'><strong><em>ὑπ’</em></strong></span> <span class='ocrx_word' id='word_1_95' title='bbox 1341 1229 1438 1292; x_wconf 79' lang='grc' dir='ltr'><strong><em>αὐτῶν</em></strong></span> <span class='ocrx_word' id='word_1_96' title='bbox 1456 1232 1554 1308; x_wconf 89' lang='grc' dir='ltr'><strong><em>Στύγα</em></strong></span> 
     </span>
     <span class='ocr_line' id='line_1_9' title="bbox 293 1310 1554 1391; baseline -0.001 -16"><span class='ocrx_word' id='word_1_97' title='bbox 293 1321 355 1375; x_wconf 83' lang='grc' dir='ltr'><strong><em>τῶν</em></strong></span> <span class='ocrx_word' id='word_1_98' title='bbox 365 1321 506 1390; x_wconf 81' lang='grc' dir='ltr'><strong><em>ποιητῶν·</em></strong></span> <span class='ocrx_word' id='word_1_99' title='bbox 519 1312 694 1388; x_wconf 84' lang='grc' dir='ltr'><strong><em>τιμιιύτατον</em></strong></span> <span class='ocrx_word' id='word_1_100' title='bbox 702 1317 756 1387; x_wconf 74' lang='grc' dir='ltr'><strong><em>μὲν</em></strong></span> <span class='ocrx_word' id='word_1_101' title='bbox 767 1313 824 1389; x_wconf 82' lang='grc' dir='ltr'><strong><em>γὰρ</em></strong></span> <span class='ocrx_word' id='word_1_102' title='bbox 833 1317 868 1375; x_wconf 88' lang='grc' dir='ltr'><strong><em>τὸ</em></strong></span> <span class='ocrx_word' id='word_1_103' title='bbox 879 1316 1089 1390; x_wconf 78' lang='grc' dir='ltr'><strong><em>πρεσβύτατον,</em></strong></span> <span class='ocrx_word' id='word_1_104' title='bbox 1102 1310 1232 1391; x_wconf 77' lang='grc' dir='ltr'><strong><em>ύρκοςδέ</em></strong></span> <span class='ocrx_word' id='word_1_105' title='bbox 1240 1318 1274 1377; x_wconf 85' lang='grc' dir='ltr'><strong><em>τὸ</em></strong></span> <span class='ocrx_word' id='word_1_106' title='bbox 1285 1314 1460 1389; x_wconf 80' lang='grc' dir='ltr'><strong><em>τιμιώτατόν</em></strong></span> <span class='ocrx_word' id='word_1_107' title='bbox 1468 1318 1554 1378; x_wconf 90' lang='grc' dir='ltr'><strong><em>έστιν.</em></strong></span> 
     </span>
    </p>
   </div>
   <div class='ocr_carea' id='block_1_4' title="bbox 293 1487 1556 2308">
    <p class='ocr_par' dir='ltr' id='par_1_4' title="bbox 293 1487 1556 2308">
     <span class='ocr_line' id='line_1_10' title="bbox 399 1487 1553 1561; baseline 0.006 -20"><span class='ocrx_word' id='word_1_108' title='bbox 399 1491 440 1541; x_wconf 84' lang='grc'><strong>13.</strong></span> <span class='ocrx_word' id='word_1_109' title='bbox 458 1489 557 1543; x_wconf 64' lang='lat' dir='ltr'><strong><em>Suum</em></strong></span> <span class='ocrx_word' id='word_1_110' title='bbox 575 1487 659 1559; x_wconf 83' lang='lat' dir='ltr'><strong>Phys.</strong></span> <span class='ocrx_word' id='word_1_111' title='bbox 671 1490 713 1552; x_wconf 86' lang='grc'><strong><em>23,</em></strong></span> <span class='ocrx_word' id='word_1_112' title='bbox 725 1491 756 1541; x_wconf 92' lang='grc'><strong><em>21</em></strong></span> <span class='ocrx_word' id='word_1_113' title='bbox 776 1490 820 1553; x_wconf 77' lang='lat' dir='ltr'><strong><em>[ex</em></strong></span> <span class='ocrx_word' id='word_1_114' title='bbox 831 1487 1016 1557; x_wconf 81' lang='lat' dir='ltr'><strong>Theophrasti</strong></span> <span class='ocrx_word' id='word_1_115' title='bbox 1034 1488 1118 1561; x_wconf 83' lang='lat' dir='ltr'><strong>Phys.</strong></span> <span class='ocrx_word' id='word_1_116' title='bbox 1130 1488 1203 1544; x_wconf 85' lang='lat' dir='ltr'><strong>Dox.</strong></span> <span class='ocrx_word' id='word_1_117' title='bbox 1220 1488 1254 1543; x_wconf 85' lang='lat' dir='ltr'><strong><em>Ir.</em></strong></span> <span class='ocrx_word' id='word_1_118' title='bbox 1268 1492 1291 1543; x_wconf 87' lang='lat'><strong><em>1.</em></strong></span> <span class='ocrx_word' id='word_1_119' title='bbox 1309 1489 1434 1561; x_wconf 76' lang='lat' dir='ltr'><strong>Doxogr.</strong></span> <span class='ocrx_word' id='word_1_120' title='bbox 1450 1497 1510 1559; x_wconf 77' lang='lat'><strong>475,</strong></span> <span class='ocrx_word' id='word_1_121' title='bbox 1529 1497 1553 1559; x_wconf 91' lang='grc'><strong><em>1]</em></strong></span> 
     </span>
     <span class='ocr_line' id='line_1_11' title="bbox 293 1565 1556 1646; baseline 0.003 -17"><span class='ocrx_word' id='word_1_122' title='bbox 293 1577 356 1629; x_wconf 82' lang='grc' dir='ltr'><strong><em>τῶν</em></strong></span> <span class='ocrx_word' id='word_1_123' title='bbox 372 1573 403 1631; x_wconf 77' lang='grc' dir='ltr'><strong><em>δέ</em></strong></span> <span class='ocrx_word' id='word_1_124' title='bbox 418 1575 490 1642; x_wconf 90' lang='grc' dir='ltr'><strong><em>μίαν</em></strong></span> <span class='ocrx_word' id='word_1_125' title='bbox 506 1575 555 1628; x_wconf 84' lang='grc' dir='ltr'><strong><em>καί</em></strong></span> <span class='ocrx_word' id='word_1_126' title='bbox 566 1571 735 1642; x_wconf 80' lang='grc' dir='ltr'><strong><em>κινουμένην</em></strong></span> <span class='ocrx_word' id='word_1_127' title='bbox 751 1567 898 1642; x_wconf 85' lang='grc' dir='ltr'><strong><em>λεγόντων</em></strong></span> <span class='ocrx_word' id='word_1_128' title='bbox 915 1567 968 1643; x_wconf 76' lang='grc' dir='ltr'><strong><em>τὴν</em></strong></span> <span class='ocrx_word' id='word_1_129' title='bbox 979 1567 1080 1646; x_wconf 74' lang='grc' dir='ltr'><strong><em>ἀρχήν,</em></strong></span> <span class='ocrx_word' id='word_1_130' title='bbox 1099 1565 1150 1639; x_wconf 85' lang='grc' dir='ltr'><strong><em>ούς</em></strong></span> <span class='ocrx_word' id='word_1_131' title='bbox 1166 1576 1215 1629; x_wconf 83' lang='grc' dir='ltr'><strong><em>καί</em></strong></span> <span class='ocrx_word' id='word_1_132' title='bbox 1228 1571 1365 1644; x_wconf 81' lang='grc' dir='ltr'><strong><em>φυσικοὺς</em></strong></span> <span class='ocrx_word' id='word_1_133' title='bbox 1377 1575 1456 1642; x_wconf 82' lang='grc' dir='ltr'><strong><em>ἰδίως</em></strong></span> <span class='ocrx_word' id='word_1_134' title='bbox 1472 1581 1556 1634; x_wconf 86' lang='grc' dir='ltr'><strong><em>καλεῖ</em></strong></span> 
     </span>
     <span class='ocr_line' id='line_1_12' title="bbox 294 1647 1555 1731; baseline 0.004 -18"><span class='ocrx_word' id='word_1_135' title='bbox 294 1657 476 1724; x_wconf 72' lang='grc' dir='ltr'><strong><em>[Δτίευουοίοε]</em></strong></span> <span class='ocrx_word' id='word_1_136' title='bbox 505 1655 534 1713; x_wconf 81' lang='grc' dir='ltr'><strong><em>οί</em></strong></span> <span class='ocrx_word' id='word_1_137' title='bbox 549 1656 604 1726; x_wconf 71' lang='grc' dir='ltr'><strong><em>μὲν</em></strong></span> <span class='ocrx_word' id='word_1_138' title='bbox 620 1655 842 1728; x_wconf 79' lang='grc' dir='ltr'><strong><em>πεπερασμένην</em></strong></span> <span class='ocrx_word' id='word_1_139' title='bbox 867 1649 956 1726; x_wconf 87' lang='grc' dir='ltr'><strong><em>αύτήν</em></strong></span> <span class='ocrx_word' id='word_1_140' title='bbox 981 1676 1079 1727; x_wconf 81' lang='grc' dir='ltr'><strong><em>φασιν,</em></strong></span> <span class='ocrx_word' id='word_1_141' title='bbox 1106 1647 1204 1727; x_wconf 79' lang='grc' dir='ltr'><strong><em>τύσπερ</em></strong></span> <span class='ocrx_word' id='word_1_142' title='bbox 1224 1661 1317 1731; x_wconf 80' lang='grc' dir='ltr'><strong><em>Θαλῆς</em></strong></span> <span class='ocrx_word' id='word_1_143' title='bbox 1341 1659 1396 1728; x_wconf 76' lang='grc' dir='ltr'><strong><em>μὲν</em></strong></span> <span class='ocrx_word' id='word_1_144' title='bbox 1418 1653 1555 1731; x_wconf 76' lang='grc' dir='ltr'><strong><em>Ἐξαμύου</em></strong></span> 
     </span>
     <span class='ocr_line' id='line_1_13' title="bbox 296 1731 1554 1817; baseline 0.002 -17"><span class='ocrx_word' id='word_1_145' title='bbox 296 1739 437 1814; x_wconf 76' lang='grc' dir='ltr'><strong><em>Μιλήσιος</em></strong></span> <span class='ocrx_word' id='word_1_146' title='bbox 453 1731 625 1805; x_wconf 60' lang='lat' dir='ltr'><strong><em>smmum,</em></strong></span> <span class='ocrx_word' id='word_1_147' title='bbox 643 1759 677 1805; x_wconf 88' lang='grc' dir='ltr'><strong><em>ος</em></strong></span> <span class='ocrx_word' id='word_1_148' title='bbox 693 1744 774 1797; x_wconf 88' lang='grc' dir='ltr'><strong><em>δοκεῖ</em></strong></span> <span class='ocrx_word' id='word_1_149' title='bbox 788 1743 837 1797; x_wconf 81' lang='grc' dir='ltr'><strong><em>καὶ</em></strong></span> <span class='ocrx_word' id='word_1_150' title='bbox 854 1736 945 1807; x_wconf 78' lang='grc' dir='ltr'><strong><em>ἄθεος</em></strong></span> <span class='ocrx_word' id='word_1_151' title='bbox 956 1741 1116 1812; x_wconf 83' lang='grc' dir='ltr'><strong><em>γεγονέναι,</em></strong></span> <span class='ocrx_word' id='word_1_152' title='bbox 1132 1733 1208 1815; x_wconf 84' lang='grc' dir='ltr'><strong><em>ύδωρ</em></strong></span> <span class='ocrx_word' id='word_1_153' title='bbox 1227 1736 1326 1813; x_wconf 86' lang='grc' dir='ltr'><strong><em>έλεγον</em></strong></span> <span class='ocrx_word' id='word_1_154' title='bbox 1343 1739 1396 1815; x_wconf 74' lang='grc' dir='ltr'><strong><em>τὴν</em></strong></span> <span class='ocrx_word' id='word_1_155' title='bbox 1412 1738 1505 1817; x_wconf 71' lang='grc' dir='ltr'><strong><em>ἀρχὴν</em></strong></span> <span class='ocrx_word' id='word_1_156' title='bbox 1520 1743 1554 1802; x_wconf 87' lang='grc' dir='ltr'><strong><em>έκ</em></strong></span> 
     </span>
     <span class='ocr_line' id='line_1_14' title="bbox 294 1821 1553 1902; baseline 0.002 -18"><span class='ocrx_word' id='word_1_157' title='bbox 294 1827 557 1900; x_wconf 81' lang='grc' dir='ltr'><strong><em>τῶνφαινομένων</em></strong></span> <span class='ocrx_word' id='word_1_158' title='bbox 572 1824 647 1883; x_wconf 84' lang='grc' dir='ltr'><strong><em>κατὰ</em></strong></span> <span class='ocrx_word' id='word_1_159' title='bbox 666 1821 718 1896; x_wconf 77' lang='grc' dir='ltr'><strong><em>τὴν</em></strong></span> <span class='ocrx_word' id='word_1_160' title='bbox 735 1821 869 1896; x_wconf 79' lang='grc' dir='ltr'><strong><em>αἴσθησιν</em></strong></span> <span class='ocrx_word' id='word_1_161' title='bbox 892 1824 933 1890; x_wconf 90' lang='grc' dir='ltr'><strong><em>είς</em></strong></span> <span class='ocrx_word' id='word_1_162' title='bbox 949 1829 1037 1883; x_wconf 87' lang='grc' dir='ltr'><strong><em>τοῦτο</em></strong></span> <span class='ocrx_word' id='word_1_163' title='bbox 1056 1827 1268 1898; x_wconf 78' lang='grc' dir='ltr'><strong><em>προαχθέντες·</em></strong></span> <span class='ocrx_word' id='word_1_164' title='bbox 1290 1829 1339 1884; x_wconf 86' lang='grc' dir='ltr'><strong><em>καί</em></strong></span> <span class='ocrx_word' id='word_1_165' title='bbox 1356 1825 1414 1901; x_wconf 81' lang='grc' dir='ltr'><strong><em>γὰρ</em></strong></span> <span class='ocrx_word' id='word_1_166' title='bbox 1431 1829 1466 1886; x_wconf 84' lang='grc' dir='ltr'><strong><em>τὸ</em></strong></span> <span class='ocrx_word' id='word_1_167' title='bbox 1484 1835 1553 1902; x_wconf 87' lang='grc' dir='ltr'><strong><em>θερ-</em></strong></span> 
     </span>
     <span class='ocr_line' id='line_1_15' title="bbox 293 1903 1552 1987; baseline 0.003 -18"><span class='ocrx_word' id='word_1_168' title='bbox 293 1911 355 1982; x_wconf 88' lang='grc' dir='ltr'><strong><em>μόν</em></strong></span> <span class='ocrx_word' id='word_1_169' title='bbox 370 1917 422 1970; x_wconf 81' lang='grc' dir='ltr'><strong><em>τῶι</em></strong></span> <span class='ocrx_word' id='word_1_170' title='bbox 433 1907 524 1985; x_wconf 78' lang='grc' dir='ltr'><strong><em>ύγρῶι</em></strong></span> <span class='ocrx_word' id='word_1_171' title='bbox 536 1914 579 1981; x_wconf 83' lang='grc' dir='ltr'><strong><em>ζῆι</em></strong></span> <span class='ocrx_word' id='word_1_172' title='bbox 590 1911 640 1966; x_wconf 85' lang='grc' dir='ltr'><strong><em>καί</em></strong></span> <span class='ocrx_word' id='word_1_173' title='bbox 653 1909 690 1967; x_wconf 80' lang='grc' dir='ltr'><strong><em>τὰ</em></strong></span> <span class='ocrx_word' id='word_1_174' title='bbox 703 1903 881 1979; x_wconf 87' lang='grc' dir='ltr'><strong><em>νεκρούμενα</em></strong></span> <span class='ocrx_word' id='word_1_175' title='bbox 893 1911 1057 1981; x_wconf 78' lang='grc' dir='ltr'><strong><em>ξηραίνεται</em></strong></span> <span class='ocrx_word' id='word_1_176' title='bbox 1069 1914 1118 1967; x_wconf 87' lang='grc' dir='ltr'><strong><em>καί</em></strong></span> <span class='ocrx_word' id='word_1_177' title='bbox 1129 1908 1165 1968; x_wconf 81' lang='grc' dir='ltr'><strong><em>τᾶ</em></strong></span> <span class='ocrx_word' id='word_1_178' title='bbox 1178 1910 1330 1983; x_wconf 89' lang='grc' dir='ltr'><strong><em>σπέρματα</em></strong></span> <span class='ocrx_word' id='word_1_179' title='bbox 1343 1909 1462 1970; x_wconf 80' lang='grc' dir='ltr'><strong><em>πάντων</em></strong></span> <span class='ocrx_word' id='word_1_180' title='bbox 1477 1908 1552 1987; x_wconf 80' lang='grc' dir='ltr'><strong><em>ύγροὶ</em></strong></span> 
     </span>
     <span class='ocr_line' id='line_1_16' title="bbox 294 1983 1553 2069; baseline 0.002 -15"><span class='ocrx_word' id='word_1_181' title='bbox 294 1998 346 2054; x_wconf 82' lang='grc' dir='ltr'><strong><em>καὶ</em></strong></span> <span class='ocrx_word' id='word_1_182' title='bbox 362 1990 378 2069; x_wconf 76' lang='grc' dir='ltr'><strong><em>ἦ</em></strong></span> <span class='ocrx_word' id='word_1_183' title='bbox 395 1993 490 2068; x_wconf 81' lang='grc' dir='ltr'><strong><em>τροφὴ</em></strong></span> <span class='ocrx_word' id='word_1_184' title='bbox 508 2000 589 2052; x_wconf 83' lang='grc' dir='ltr'><strong><em>πᾶσα</em></strong></span> <span class='ocrx_word' id='word_1_185' title='bbox 604 1989 743 2066; x_wconf 77' lang='grc' dir='ltr'><strong><em>χυλώδης·</em></strong></span> <span class='ocrx_word' id='word_1_186' title='bbox 767 1990 800 2060; x_wconf 85' lang='grc' dir='ltr'><strong><em>έξ</em></strong></span> <span class='ocrx_word' id='word_1_187' title='bbox 815 1983 849 2049; x_wconf 84' lang='grc' dir='ltr'><strong><em>ού</em></strong></span> <span class='ocrx_word' id='word_1_188' title='bbox 866 1993 897 2051; x_wconf 90' lang='grc' dir='ltr'><strong><em>δέ</em></strong></span> <span class='ocrx_word' id='word_1_189' title='bbox 917 1991 995 2050; x_wconf 79' lang='grc' dir='ltr'><strong><em>ἐστιν</em></strong></span> <span class='ocrx_word' id='word_1_190' title='bbox 1012 1991 1120 2052; x_wconf 69' lang='grc' dir='ltr'><strong><em>ἕκαστα</em></strong></span> <span class='ocrx_word' id='word_1_191' title='bbox 1138 1990 1244 2053; x_wconf 84' lang='grc' dir='ltr'><strong><em>τούτωι</em></strong></span> <span class='ocrx_word' id='word_1_192' title='bbox 1260 1999 1310 2053; x_wconf 86' lang='grc' dir='ltr'><strong><em>καί</em></strong></span> <span class='ocrx_word' id='word_1_193' title='bbox 1327 1996 1486 2069; x_wconf 85' lang='grc' dir='ltr'><strong><em>τρέφεσθαι</em></strong></span> <span class='ocrx_word' id='word_1_194' title='bbox 1504 1999 1553 2056; x_wconf 89' lang='grc' dir='ltr'><strong><em>πέ-</em></strong></span> 
     </span>
     <span class='ocr_line' id='line_1_17' title="bbox 294 2071 1551 2152; baseline 0.001 -13"><span class='ocrx_word' id='word_1_195' title='bbox 294 2098 381 2152; x_wconf 82' lang='grc' dir='ltr'><strong><em>φυκε·</em></strong></span> <span class='ocrx_word' id='word_1_196' title='bbox 408 2081 443 2139; x_wconf 75' lang='lat' dir='ltr'><strong><em>w·</em></strong></span> <span class='ocrx_word' id='word_1_197' title='bbox 461 2081 491 2139; x_wconf 75' lang='grc' dir='ltr'><strong><em>δέ</em></strong></span> <span class='ocrx_word' id='word_1_198' title='bbox 513 2071 590 2152; x_wconf 82' lang='grc' dir='ltr'><strong><em>ύδωρ</em></strong></span> <span class='ocrx_word' id='word_1_199' title='bbox 608 2073 681 2151; x_wconf 78' lang='grc' dir='ltr'><strong><em>οἷρχὴ</em></strong></span> <span class='ocrx_word' id='word_1_200' title='bbox 705 2082 755 2150; x_wconf 86' lang='grc' dir='ltr'><strong><em>τῆς</em></strong></span> <span class='ocrx_word' id='word_1_201' title='bbox 772 2074 862 2150; x_wconf 75' lang='grc' dir='ltr'><strong><em>ὑγρᾶς</em></strong></span> <span class='ocrx_word' id='word_1_202' title='bbox 882 2075 997 2149; x_wconf 80' lang='grc' dir='ltr'><strong><em>φύσεώς</em></strong></span> <span class='ocrx_word' id='word_1_203' title='bbox 1018 2078 1079 2137; x_wconf 76' lang='grc' dir='ltr'><strong><em>ἐστι</em></strong></span> <span class='ocrx_word' id='word_1_204' title='bbox 1096 2082 1145 2137; x_wconf 83' lang='grc' dir='ltr'><strong><em>καί</em></strong></span> <span class='ocrx_word' id='word_1_205' title='bbox 1162 2076 1329 2137; x_wconf 87' lang='grc' dir='ltr'><strong><em>συνεκτικὸν</em></strong></span> <span class='ocrx_word' id='word_1_206' title='bbox 1346 2077 1478 2140; x_wconf 83' lang='grc' dir='ltr'><strong><em>πάντων·</em></strong></span> <span class='ocrx_word' id='word_1_207' title='bbox 1507 2083 1551 2140; x_wconf 81' lang='grc' dir='ltr'><strong><em>διὸ</em></strong></span> 
     </span>
     <span class='ocr_line' id='line_1_18' title="bbox 294 2152 1553 2239; baseline 0.002 -17"><span class='ocrx_word' id='word_1_208' title='bbox 294 2165 416 2223; x_wconf 75' lang='grc' dir='ltr'><strong><em>πάντων</em></strong></span> <span class='ocrx_word' id='word_1_209' title='bbox 432 2160 524 2239; x_wconf 76' lang='grc' dir='ltr'><strong><em>ἆρχην</em></strong></span> <span class='ocrx_word' id='word_1_210' title='bbox 544 2159 694 2236; x_wconf 78' lang='grc' dir='ltr'><strong><em>ύπέλαβον</em></strong></span> <span class='ocrx_word' id='word_1_211' title='bbox 714 2159 787 2220; x_wconf 79' lang='grc' dir='ltr'><strong><em>εἶναι</em></strong></span> <span class='ocrx_word' id='word_1_212' title='bbox 809 2158 845 2220; x_wconf 84' lang='grc' dir='ltr'><strong><em>τὸ</em></strong></span> <span class='ocrx_word' id='word_1_213' title='bbox 863 2152 940 2236; x_wconf 78' lang='grc' dir='ltr'><strong><em>ύδαιρ</em></strong></span> <span class='ocrx_word' id='word_1_214' title='bbox 958 2167 1007 2221; x_wconf 88' lang='grc' dir='ltr'><strong><em>καί</em></strong></span> <span class='ocrx_word' id='word_1_215' title='bbox 1024 2159 1077 2235; x_wconf 73' lang='grc' dir='ltr'><strong><em>τὴν</em></strong></span> <span class='ocrx_word' id='word_1_216' title='bbox 1102 2168 1155 2237; x_wconf 84' lang='grc' dir='ltr'><strong><em>γῆν</em></strong></span> <span class='ocrx_word' id='word_1_217' title='bbox 1176 2161 1226 2239; x_wconf 77' lang='grc' dir='ltr'><strong><em>ἐφ’</em></strong></span> <span class='ocrx_word' id='word_1_218' title='bbox 1243 2157 1349 2233; x_wconf 82' lang='grc' dir='ltr'><strong><em>ύδατος</em></strong></span> <span class='ocrx_word' id='word_1_219' title='bbox 1365 2159 1553 2239; x_wconf 68' lang='grc' dir='ltr'><strong><em>ἀπεφήναντο</em></strong></span> 
     </span>
     <span class='ocr_line' id='line_1_19' title="bbox 297 2256 423 2308; baseline 0.008 -2"><span class='ocrx_word' id='word_1_220' title='bbox 297 2256 423 2308; x_wconf 83' lang='grc' dir='ltr'><strong><em>κεῖσθαι.</em></strong></span> 
     </span>
    </p>
   </div>
   <div class='ocr_carea' id='block_1_5' title="bbox 292 2391 1554 2817">
    <p class='ocr_par' dir='ltr' id='par_1_5' title="bbox 292 2391 1554 2817">
     <span class='ocr_line' id='line_1_20' title="bbox 401 2391 1554 2476; baseline 0.003 -21"><span class='ocrx_word' id='word_1_221' title='bbox 401 2407 441 2457; x_wconf 86' lang='grc'><strong>14.</strong></span> <span class='ocrx_word' id='word_1_222' title='bbox 458 2402 555 2456; x_wconf 72' lang='grc' dir='ltr'><strong><em>Διειετ.</em></strong></span> <span class='ocrx_word' id='word_1_223' title='bbox 572 2402 607 2457; x_wconf 85' lang='lat' dir='ltr'><strong><em>de</em></strong></span> <span class='ocrx_word' id='word_1_224' title='bbox 625 2401 700 2456; x_wconf 76' lang='lat' dir='ltr'>caelo</span> <span class='ocrx_word' id='word_1_225' title='bbox 716 2402 740 2455; x_wconf 91' lang='lat' dir='ltr'><strong>B</strong></span> <span class='ocrx_word' id='word_1_226' title='bbox 756 2405 795 2456; x_wconf 88' lang='grc'><strong><em>13.</em></strong></span> <span class='ocrx_word' id='word_1_227' title='bbox 813 2404 910 2456; x_wconf 70' lang='lat'>294228</span> <span class='ocrx_word' id='word_1_228' title='bbox 934 2401 963 2458; x_wconf 73' lang='grc' dir='ltr'><strong><em>οἳ</em></strong></span> <span class='ocrx_word' id='word_1_229' title='bbox 981 2394 1008 2457; x_wconf 81' lang='grc' dir='ltr'><strong><em>δ’</em></strong></span> <span class='ocrx_word' id='word_1_230' title='bbox 1025 2395 1075 2472; x_wconf 80' lang='grc' dir='ltr'><strong><em>ἐφ’</em></strong></span> <span class='ocrx_word' id='word_1_231' title='bbox 1094 2391 1197 2468; x_wconf 81' lang='grc' dir='ltr'><strong><em>ύδατος</em></strong></span> <span class='ocrx_word' id='word_1_232' title='bbox 1213 2407 1330 2459; x_wconf 88' lang='grc' dir='ltr'><strong><em>κεῖσθαι</em></strong></span> <span class='ocrx_word' id='word_1_233' title='bbox 1347 2407 1394 2469; x_wconf 77' lang='lat' dir='ltr'><strong>[sc.</strong></span> <span class='ocrx_word' id='word_1_234' title='bbox 1412 2397 1465 2473; x_wconf 76' lang='grc' dir='ltr'><strong><em>τὴν</em></strong></span> <span class='ocrx_word' id='word_1_235' title='bbox 1480 2406 1554 2476; x_wconf 83' lang='grc' dir='ltr'><strong><em>γῆν].</em></strong></span> 
     </span>
     <span class='ocr_line' id='line_1_21' title="bbox 295 2477 1553 2566; baseline -0.001 -21"><span class='ocrx_word' id='word_1_236' title='bbox 295 2491 403 2546; x_wconf 82' lang='grc' dir='ltr'><strong><em>τοῦτον</em></strong></span> <span class='ocrx_word' id='word_1_237' title='bbox 419 2482 476 2559; x_wconf 76' lang='grc' dir='ltr'><strong><em>γὰρ</em></strong></span> <span class='ocrx_word' id='word_1_238' title='bbox 494 2478 692 2558; x_wconf 74' lang='grc' dir='ltr'><strong><em>ἀρχαιότατον</em></strong></span> <span class='ocrx_word' id='word_1_239' title='bbox 703 2481 919 2557; x_wconf 82' lang='grc' dir='ltr'><strong><em>παρειλήφαμεν</em></strong></span> <span class='ocrx_word' id='word_1_240' title='bbox 937 2480 1100 2557; x_wconf 86' lang='grc' dir='ltr'><strong><em>τὸνλόγον,</em></strong></span> <span class='ocrx_word' id='word_1_241' title='bbox 1120 2477 1155 2544; x_wconf 78' lang='grc' dir='ltr'><strong><em>ύν</em></strong></span> <span class='ocrx_word' id='word_1_242' title='bbox 1172 2505 1262 2558; x_wconf 85' lang='grc' dir='ltr'><strong><em>φασιν</em></strong></span> <span class='ocrx_word' id='word_1_243' title='bbox 1279 2487 1369 2545; x_wconf 82' lang='grc' dir='ltr'><strong><em>εἰπεῖν</em></strong></span> <span class='ocrx_word' id='word_1_244' title='bbox 1388 2491 1484 2566; x_wconf 69' lang='grc' dir='ltr'><strong><em>θαλίην</em></strong></span> <span class='ocrx_word' id='word_1_245' title='bbox 1499 2485 1553 2546; x_wconf 89' lang='grc' dir='ltr'><strong><em>τὸν</em></strong></span> 
     </span>
     <span class='ocr_line' id='line_1_22' title="bbox 292 2561 1553 2647; baseline -0.001 -18"><span class='ocrx_word' id='word_1_246' title='bbox 292 2568 441 2646; x_wconf 75' lang='grc' dir='ltr'><strong><em>Μιλήσιον</em></strong></span> <span class='ocrx_word' id='word_1_247' title='bbox 457 2566 498 2637; x_wconf 82' lang='grc' dir='ltr'><strong><em>ὡς</em></strong></span> <span class='ocrx_word' id='word_1_248' title='bbox 514 2567 559 2628; x_wconf 77' lang='grc' dir='ltr'><strong><em>διὰ</em></strong></span> <span class='ocrx_word' id='word_1_249' title='bbox 577 2565 612 2627; x_wconf 89' lang='grc' dir='ltr'><strong><em>τὸ</em></strong></span> <span class='ocrx_word' id='word_1_250' title='bbox 626 2569 743 2641; x_wconf 78' lang='grc' dir='ltr'><strong><em>πλωτὴν</em></strong></span> <span class='ocrx_word' id='word_1_251' title='bbox 760 2565 833 2627; x_wconf 79' lang='grc' dir='ltr'><strong><em>εἶναι</em></strong></span> <span class='ocrx_word' id='word_1_252' title='bbox 848 2571 993 2640; x_wconf 86' lang='grc' dir='ltr'><strong><em>μένουσαν</em></strong></span> <span class='ocrx_word' id='word_1_253' title='bbox 1010 2561 1110 2641; x_wconf 80' lang='grc' dir='ltr'><strong><em>ιύσπερ</em></strong></span> <span class='ocrx_word' id='word_1_254' title='bbox 1123 2567 1207 2638; x_wconf 81' lang='grc' dir='ltr'><strong><em>ξύλον</em></strong></span> <span class='ocrx_word' id='word_1_255' title='bbox 1223 2569 1242 2644; x_wconf 84' lang='grc' dir='ltr'><em>ἤ</em></span> <span class='ocrx_word' id='word_1_256' title='bbox 1259 2568 1285 2628; x_wconf 84' lang='grc' dir='ltr'><strong><em>τι</em></strong></span> <span class='ocrx_word' id='word_1_257' title='bbox 1302 2576 1439 2630; x_wconf 81' lang='grc' dir='ltr'><strong><em>τοιοῦτον</em></strong></span> <span class='ocrx_word' id='word_1_258' title='bbox 1450 2569 1553 2647; x_wconf 82' lang='grc' dir='ltr'><strong><em>έτερον</em></strong></span> 
     </span>
     <span class='ocr_line' id='line_1_23' title="bbox 295 2647 1552 2728; baseline 0.001 -14"><span class='ocrx_word' id='word_1_259' title='bbox 295 2660 359 2723; x_wconf 81' lang='grc' dir='ltr'><strong><em>(καὶ</em></strong></span> <span class='ocrx_word' id='word_1_260' title='bbox 377 2656 435 2728; x_wconf 82' lang='grc' dir='ltr'><strong><em>γὰρ</em></strong></span> <span class='ocrx_word' id='word_1_261' title='bbox 452 2652 565 2713; x_wconf 86' lang='grc' dir='ltr'><strong><em>τούτων</em></strong></span> <span class='ocrx_word' id='word_1_262' title='bbox 580 2647 629 2711; x_wconf 78' lang='grc' dir='ltr'><strong><em>ἐπ’</em></strong></span> <span class='ocrx_word' id='word_1_263' title='bbox 646 2650 735 2727; x_wconf 85' lang='grc' dir='ltr'><strong><em>α’έρος</em></strong></span> <span class='ocrx_word' id='word_1_264' title='bbox 745 2655 799 2725; x_wconf 76' lang='grc' dir='ltr'><strong><em>μέν</em></strong></span> <span class='ocrx_word' id='word_1_265' title='bbox 811 2649 899 2713; x_wconf 80' lang='grc' dir='ltr'><strong><em>ούθέν</em></strong></span> <span class='ocrx_word' id='word_1_266' title='bbox 910 2656 1020 2727; x_wconf 83' lang='grc' dir='ltr'><strong><em>πέφυκε</em></strong></span> <span class='ocrx_word' id='word_1_267' title='bbox 1036 2656 1140 2727; x_wconf 88' lang='grc' dir='ltr'><strong><em>μένειν,</em></strong></span> <span class='ocrx_word' id='word_1_268' title='bbox 1158 2647 1225 2714; x_wconf 75' lang='grc' dir='ltr'><strong><em>ἄλλ’</em></strong></span> <span class='ocrx_word' id='word_1_269' title='bbox 1241 2650 1291 2728; x_wconf 79' lang='grc' dir='ltr'><strong><em>ἐφ’</em></strong></span> <span class='ocrx_word' id='word_1_270' title='bbox 1308 2647 1433 2725; x_wconf 81' lang='grc' dir='ltr'><strong><em>ύδατος),</em></strong></span> <span class='ocrx_word' id='word_1_271' title='bbox 1453 2647 1552 2728; x_wconf 82' lang='grc' dir='ltr'><strong><em>(ύσπερ</em></strong></span> 
     </span>
     <span class='ocr_line' id='line_1_24' title="bbox 297 2732 1551 2817; baseline 0.001 -20"><span class='ocrx_word' id='word_1_272' title='bbox 297 2736 332 2798; x_wconf 89' lang='grc' dir='ltr'><strong><em>ού</em></strong></span> <span class='ocrx_word' id='word_1_273' title='bbox 349 2738 404 2799; x_wconf 86' lang='grc' dir='ltr'><strong><em>τὸν</em></strong></span> <span class='ocrx_word' id='word_1_274' title='bbox 422 2736 513 2817; x_wconf 70' lang='grc' dir='ltr'><strong><em>αὐτὸν</em></strong></span> <span class='ocrx_word' id='word_1_275' title='bbox 530 2736 620 2812; x_wconf 89' lang='grc' dir='ltr'><strong><em>λόγον</em></strong></span> <span class='ocrx_word' id='word_1_276' title='bbox 633 2736 705 2797; x_wconf 85' lang='grc' dir='ltr'><strong><em>ὄντα</em></strong></span> <span class='ocrx_word' id='word_1_277' title='bbox 722 2743 791 2810; x_wconf 86' lang='grc' dir='ltr'><strong><em>περί</em></strong></span> <span class='ocrx_word' id='word_1_278' title='bbox 807 2744 858 2812; x_wconf 80' lang='grc' dir='ltr'><strong><em>τῆς</em></strong></span> <span class='ocrx_word' id='word_1_279' title='bbox 873 2744 925 2813; x_wconf 86' lang='grc' dir='ltr'><strong><em>γῆς</em></strong></span> <span class='ocrx_word' id='word_1_280' title='bbox 941 2744 991 2797; x_wconf 86' lang='grc' dir='ltr'><strong><em>καί</em></strong></span> <span class='ocrx_word' id='word_1_281' title='bbox 1007 2745 1061 2798; x_wconf 83' lang='grc' dir='ltr'><strong><em>τοῦ</em></strong></span> <span class='ocrx_word' id='word_1_282' title='bbox 1077 2732 1182 2806; x_wconf 85' lang='grc' dir='ltr'><strong><em>ύδατος</em></strong></span> <span class='ocrx_word' id='word_1_283' title='bbox 1199 2744 1252 2798; x_wconf 83' lang='grc' dir='ltr'><strong><em>τοῦ</em></strong></span> <span class='ocrx_word' id='word_1_284' title='bbox 1265 2735 1405 2813; x_wconf 83' lang='grc' dir='ltr'><strong><em>ὀχοῦντος</em></strong></span> <span class='ocrx_word' id='word_1_285' title='bbox 1421 2741 1474 2813; x_wconf 83' lang='grc' dir='ltr'><strong><em>τὴν</em></strong></span> <span class='ocrx_word' id='word_1_286' title='bbox 1490 2746 1551 2814; x_wconf 87' lang='grc' dir='ltr'><strong><em>γῆν.</em></strong></span> 
     </span>
    </p>
   </div>
   <div class='ocr_carea' id='block_1_6' title="bbox 295 2909 1553 3148">
    <p class='ocr_par' dir='ltr' id='par_1_6' title="bbox 295 2909 1553 3148">
     <span class='ocr_line' id='line_1_25' title="bbox 401 2909 1552 2979; baseline 0.001 -14"><span class='ocrx_word' id='word_1_287' title='bbox 401 2915 442 2965; x_wconf 79' lang='grc'><strong>15.</strong></span> <span class='ocrx_word' id='word_1_288' title='bbox 460 2909 576 2965; x_wconf 65' lang='lat' dir='ltr'><strong><em>Sum</em></strong></span> <span class='ocrx_word' id='word_1_289' title='bbox 591 2909 654 2964; x_wconf 58' lang='lat' dir='ltr'><strong><em>Nat„</em></strong></span> <span class='ocrx_word' id='word_1_290' title='bbox 671 2909 781 2974; x_wconf 73' lang='lat' dir='ltr'><strong>Quaest.</strong></span> <span class='ocrx_word' id='word_1_291' title='bbox 793 2911 836 2965; x_wconf 95' lang='lat' dir='ltr'><strong><em>III</em></strong></span> <span class='ocrx_word' id='word_1_292' title='bbox 849 2915 880 2965; x_wconf 85' lang='grc'><strong><em>14</em></strong></span> <span class='ocrx_word' id='word_1_293' title='bbox 901 2910 1022 2964; x_wconf 64' lang='lat' dir='ltr'><strong><em>Thaletis</em></strong></span> <span class='ocrx_word' id='word_1_294' title='bbox 1032 2910 1128 2979; x_wconf 80' lang='grc' dir='ltr'><strong><em>δπομίσ</em></strong></span> <span class='ocrx_word' id='word_1_295' title='bbox 1138 2910 1273 2964; x_wconf 71' lang='lat' dir='ltr'><em>sententia</em></span> <span class='ocrx_word' id='word_1_296' title='bbox 1290 2914 1337 2966; x_wconf 80' lang='grc' dir='ltr'><strong><em>τοί.</em></strong></span> <span class='ocrx_word' id='word_1_297' title='bbox 1364 2911 1407 2966; x_wconf 75' lang='lat' dir='ltr'><strong><em>ait</em></strong></span> <span class='ocrx_word' id='word_1_298' title='bbox 1417 2911 1490 2966; x_wconf 74' lang='lat' dir='ltr'><strong><em>enim</em></strong></span> <span class='ocrx_word' id='word_1_299' title='bbox 1502 2914 1552 2966; x_wconf 80' lang='lat' dir='ltr'><strong><em>ter-</em></strong></span> 
     </span>
     <span class='ocr_line' id='line_1_26' title="bbox 295 2993 1553 3065; baseline 0.001 -16"><span class='ocrx_word' id='word_1_300' title='bbox 295 3013 395 3050; x_wconf 78' lang='lat' dir='ltr'><strong><em>rarum</em></strong></span> <span class='ocrx_word' id='word_1_301' title='bbox 406 2994 496 3050; x_wconf 82' lang='lat' dir='ltr'><em>orbem</em></span> <span class='ocrx_word' id='word_1_302' title='bbox 508 3011 582 3064; x_wconf 81' lang='grc' dir='ltr'><strong><em>αηυο</em></strong></span> <span class='ocrx_word' id='word_1_303' title='bbox 591 2995 722 3049; x_wconf 76' lang='grc' dir='ltr'><strong><em>ουείίπονί</em></strong></span> <span class='ocrx_word' id='word_1_304' title='bbox 739 2997 766 3050; x_wconf 81' lang='lat' dir='ltr'><strong><em>et</em></strong></span> <span class='ocrx_word' id='word_1_305' title='bbox 779 2995 840 3049; x_wconf 71' lang='lat' dir='ltr'><strong><em>vehi</em></strong></span> <span class='ocrx_word' id='word_1_306' title='bbox 856 3011 930 3048; x_wconf 83' lang='lat' dir='ltr'><em>more</em></span> <span class='ocrx_word' id='word_1_307' title='bbox 941 2994 1048 3064; x_wconf 71' lang='grc' dir='ltr'><strong><em>ααινίμίυ·</em></strong></span> <span class='ocrx_word' id='word_1_308' title='bbox 1058 2993 1260 3065; x_wconf 74' lang='grc' dir='ltr'><strong><em>νιοδλίίίοίοημτ</em></strong></span> <span class='ocrx_word' id='word_1_309' title='bbox 1272 2995 1330 3050; x_wconf 67' lang='lat' dir='ltr'><strong><em>eiua</em></strong></span> <span class='ocrx_word' id='word_1_310' title='bbox 1341 2994 1473 3063; x_wconf 72' lang='lat' dir='ltr'><strong><em>sluctmre</em></strong></span> <span class='ocrx_word' id='word_1_311' title='bbox 1490 2999 1553 3050; x_wconf 82' lang='grc' dir='ltr'><strong><em>ίαπο</em></strong></span> 
     </span>
     <span class='ocr_line' id='line_1_27' title="bbox 296 3079 981 3148; baseline -0.006 -13"><span class='ocrx_word' id='word_1_312' title='bbox 296 3097 359 3135; x_wconf 81' lang='lat' dir='ltr'><strong><em>oum</em></strong></span> <span class='ocrx_word' id='word_1_313' title='bbox 376 3079 478 3134; x_wconf 68' lang='lat' dir='ltr'><strong><em>dicitur</em></strong></span> <span class='ocrx_word' id='word_1_314' title='bbox 495 3083 606 3134; x_wconf 78' lang='lat' dir='ltr'><strong><em>tremere</em></strong></span> <span class='ocrx_word' id='word_1_315' title='bbox 623 3084 648 3145; x_wconf 85' lang='lat' dir='ltr'><strong><em>(e</em></strong></span> <span class='ocrx_word' id='word_1_316' title='bbox 665 3080 816 3135; x_wconf 83' lang='lat' dir='ltr'><strong>Posidonio</strong></span> <span class='ocrx_word' id='word_1_317' title='bbox 834 3079 868 3134; x_wconf 85' lang='lat' dir='ltr'><strong><em>cf.</em></strong></span> <span class='ocrx_word' id='word_1_318' title='bbox 885 3079 926 3134; x_wconf 85' lang='lat' dir='ltr'><strong><em>VI</em></strong></span> <span class='ocrx_word' id='word_1_319' title='bbox 943 3079 981 3148; x_wconf 80' lang='grc' dir='ltr'><strong><em>θ).</em></strong></span> 
     </span>
    </p>
   </div>
   <div class='ocr_carea' id='block_1_7' title="bbox 402 3241 1553 3319">
    <p class='ocr_par' dir='ltr' id='par_1_7' title="bbox 402 3241 1553 3319">
     <span class='ocr_line' id='line_1_28' title="bbox 402 3241 1553 3319; baseline -0.001 -15"><span class='ocrx_word' id='word_1_320' title='bbox 402 3253 443 3304; x_wconf 88' lang='grc'><strong><em>16.</em></strong></span> <span class='ocrx_word' id='word_1_321' title='bbox 460 3249 571 3303; x_wconf 75' lang='grc' dir='ltr'><strong><em>Ηπιιοο.</em></strong></span> <span class='ocrx_word' id='word_1_322' title='bbox 583 3249 612 3304; x_wconf 95' lang='grc' dir='ltr'><strong>Π</strong></span> <span class='ocrx_word' id='word_1_323' title='bbox 623 3254 656 3304; x_wconf 83' lang='grc'><strong><em>20</em></strong></span> <span class='ocrx_word' id='word_1_324' title='bbox 675 3249 838 3305; x_wconf 71' lang='lat' dir='ltr'><strong>Graecarum</strong></span> <span class='ocrx_word' id='word_1_325' title='bbox 857 3247 892 3303; x_wconf 80' lang='lat' dir='ltr'><strong><em>do</em></strong></span> <span class='ocrx_word' id='word_1_326' title='bbox 908 3246 964 3301; x_wconf 85' lang='lat' dir='ltr'>Nili</span> <span class='ocrx_word' id='word_1_327' title='bbox 985 3244 1166 3302; x_wconf 69' lang='lat' dir='ltr'><strong>mundatione</strong></span> <span class='ocrx_word' id='word_1_328' title='bbox 1183 3247 1345 3316; x_wconf 87' lang='lat' dir='ltr'><strong>opinionum</strong></span> <span class='ocrx_word' id='word_1_329' title='bbox 1368 3241 1383 3318; x_wconf 78' lang='grc' dir='ltr'><strong><em>ἦ</em></strong></span> <span class='ocrx_word' id='word_1_330' title='bbox 1402 3243 1483 3319; x_wconf 73' lang='grc' dir='ltr'><strong><em>ἑτέρη</em></strong></span> <span class='ocrx_word' id='word_1_331' title='bbox 1500 3247 1553 3316; x_wconf 80' lang='grc' dir='ltr'><strong><em>μέν</em></strong></span> 
     </span>
    </p>
   </div>
   <div class='ocr_carea' id='block_1_8' title="bbox 296 3319 1554 3489">
    <p class='ocr_par' dir='ltr' id='par_1_8' title="bbox 296 3319 1554 3489">
     <span class='ocr_line' id='line_1_29' title="bbox 297 3319 1554 3406; baseline -0.001 -15"><span class='ocrx_word' id='word_1_332' title='bbox 297 3319 373 3406; x_wconf 81' lang='grc' dir='ltr'><strong><em>λέγει</em></strong></span> <span class='ocrx_word' id='word_1_333' title='bbox 391 3333 460 3399; x_wconf 89' lang='grc' dir='ltr'><strong><em>τούς</em></strong></span> <span class='ocrx_word' id='word_1_334' title='bbox 475 3331 591 3404; x_wconf 78' lang='grc' dir='ltr'><strong><em>ἐτησίας</em></strong></span> <span class='ocrx_word' id='word_1_335' title='bbox 608 3328 731 3404; x_wconf 74' lang='grc' dir='ltr'><strong><em>ἀνέμους</em></strong></span> <span class='ocrx_word' id='word_1_336' title='bbox 748 3329 820 3391; x_wconf 78' lang='grc' dir='ltr'><strong><em>εἶναι</em></strong></span> <span class='ocrx_word' id='word_1_337' title='bbox 838 3332 948 3398; x_wconf 85' lang='grc' dir='ltr'><strong><em>αἰτίους</em></strong></span> <span class='ocrx_word' id='word_1_338' title='bbox 965 3326 1102 3401; x_wconf 89' lang='grc' dir='ltr'><strong><em>πληθύειν</em></strong></span> <span class='ocrx_word' id='word_1_339' title='bbox 1119 3326 1174 3387; x_wconf 87' lang='grc' dir='ltr'><strong><em>τὸν</em></strong></span> <span class='ocrx_word' id='word_1_340' title='bbox 1190 3325 1326 3398; x_wconf 85' lang='grc' dir='ltr'><strong><em>ποταμὸν</em></strong></span> <span class='ocrx_word' id='word_1_341' title='bbox 1340 3328 1507 3400; x_wconf 84' lang='grc' dir='ltr'><strong><em>κωλύοντας</em></strong></span> <span class='ocrx_word' id='word_1_342' title='bbox 1524 3332 1554 3400; x_wconf 89' lang='grc' dir='ltr'><strong><em>ές</em></strong></span> 
     </span>
     <span class='ocr_line' id='line_1_30' title="bbox 296 3414 1332 3489; baseline -0.005 -14"><span class='ocrx_word' id='word_1_343' title='bbox 296 3415 453 3477; x_wconf 82' lang='grc' dir='ltr'><strong><em>θάλασσαν</em></strong></span> <span class='ocrx_word' id='word_1_344' title='bbox 469 3417 578 3489; x_wconf 80' lang='grc' dir='ltr'><strong><em>ἐκρέειν</em></strong></span> <span class='ocrx_word' id='word_1_345' title='bbox 595 3416 650 3475; x_wconf 80' lang='grc' dir='ltr'><strong><em>τὸν</em></strong></span> <span class='ocrx_word' id='word_1_346' title='bbox 667 3423 775 3476; x_wconf 87' lang='grc' dir='ltr'><strong><em>Νεῖλον</em></strong></span> <span class='ocrx_word' id='word_1_347' title='bbox 792 3417 978 3488; x_wconf 78' lang='lat' dir='ltr'><strong>(significatur</strong></span> <span class='ocrx_word' id='word_1_348' title='bbox 994 3414 1095 3470; x_wconf 82' lang='lat' dir='ltr'><strong>Thales</strong></span> <span class='ocrx_word' id='word_1_349' title='bbox 1113 3415 1147 3470; x_wconf 77' lang='lat' dir='ltr'><strong><em>of.</em></strong></span> <span class='ocrx_word' id='word_1_350' title='bbox 1165 3415 1238 3471; x_wconf 85' lang='lat' dir='ltr'><strong>Dox.</strong></span> <span class='ocrx_word' id='word_1_351' title='bbox 1256 3417 1332 3485; x_wconf 89' lang='grc'><strong>228).</strong></span> 
     </span>
    </p>
   </div>
   <div class='ocr_carea' id='block_1_9' title="bbox 297 3578 1553 3914">
    <p class='ocr_par' dir='ltr' id='par_1_9' title="bbox 297 3578 1553 3914">
     <span class='ocr_line' id='line_1_31' title="bbox 404 3578 1553 3664; baseline 0 -22"><span class='ocrx_word' id='word_1_352' title='bbox 404 3593 444 3643; x_wconf 79' lang='grc'><strong>17.</strong></span> <span class='ocrx_word' id='word_1_353' title='bbox 453 3588 657 3642; x_wconf 68' lang='grc' dir='ltr'><strong><em>Βεεστωυσε</em></strong></span> <span class='ocrx_word' id='word_1_354' title='bbox 666 3604 710 3657; x_wconf 84' lang='lat' dir='ltr'><strong><em>ap.</em></strong></span> <span class='ocrx_word' id='word_1_355' title='bbox 719 3588 824 3643; x_wconf 80' lang='lat' dir='ltr'>Theon.</span> <span class='ocrx_word' id='word_1_356' title='bbox 834 3593 897 3642; x_wconf 71' lang='grc' dir='ltr'><strong><em>τελε.</em></strong></span> <span class='ocrx_word' id='word_1_357' title='bbox 909 3589 966 3651; x_wconf 86' lang='grc'><strong>198,</strong></span> <span class='ocrx_word' id='word_1_358' title='bbox 978 3585 1051 3640; x_wconf 86' lang='grc' dir='ltr'><strong>14Η.</strong></span> <span class='ocrx_word' id='word_1_359' title='bbox 1069 3580 1200 3664; x_wconf 68' lang='grc' dir='ltr'><strong><em>Εὔδημος</em></strong></span> <span class='ocrx_word' id='word_1_360' title='bbox 1208 3582 1320 3657; x_wconf 75' lang='grc' dir='ltr'><strong><em>ἱστορεῖ</em></strong></span> <span class='ocrx_word' id='word_1_361' title='bbox 1326 3585 1358 3642; x_wconf 85' lang='grc' dir='ltr'><strong><em>έν</em></strong></span> <span class='ocrx_word' id='word_1_362' title='bbox 1367 3594 1431 3652; x_wconf 87' lang='grc' dir='ltr'><strong><em>ταῖς</em></strong></span> <span class='ocrx_word' id='word_1_363' title='bbox 1439 3578 1553 3657; x_wconf 81' lang='grc' dir='ltr'><strong><em>Ἀστρο-</em></strong></span> 
     </span>
     <span class='ocr_line' id='line_1_32' title="bbox 298 3662 1553 3745; baseline -0.002 -16"><span class='ocrx_word' id='word_1_364' title='bbox 298 3674 420 3745; x_wconf 88' lang='grc' dir='ltr'><strong><em>λογίαις,</em></strong></span> <span class='ocrx_word' id='word_1_365' title='bbox 448 3662 493 3728; x_wconf 75' lang='grc' dir='ltr'><strong><em>ὅτι</em></strong></span> <span class='ocrx_word' id='word_1_366' title='bbox 512 3671 663 3745; x_wconf 81' lang='grc' dir='ltr'><strong><em>Οἰνοπίδης</em></strong></span> <span class='ocrx_word' id='word_1_367' title='bbox 685 3663 750 3745; x_wconf 85' lang='grc' dir='ltr'><strong><em>εύρε</em></strong></span> <span class='ocrx_word' id='word_1_368' title='bbox 767 3673 886 3745; x_wconf 81' lang='grc' dir='ltr'><strong><em>πρῶτος</em></strong></span> <span class='ocrx_word' id='word_1_369' title='bbox 902 3665 955 3741; x_wconf 76' lang='grc' dir='ltr'><strong><em>την</em></strong></span> <span class='ocrx_word' id='word_1_370' title='bbox 977 3673 1030 3725; x_wconf 84' lang='grc' dir='ltr'><strong><em>τοῦ</em></strong></span> <span class='ocrx_word' id='word_1_371' title='bbox 1048 3671 1202 3737; x_wconf 84' lang='grc' dir='ltr'><strong><em>ζωιδιακού</em></strong></span> <span class='ocrx_word' id='word_1_372' title='bbox 1223 3668 1358 3738; x_wconf 82' lang='grc' dir='ltr'><strong><em>διάζωσιν</em></strong></span> <span class='ocrx_word' id='word_1_373' title='bbox 1376 3670 1402 3734; x_wconf 91' lang='lat' dir='ltr'><strong><em>[l.</em></strong></span> <span class='ocrx_word' id='word_1_374' title='bbox 1420 3667 1553 3737; x_wconf 85' lang='grc' dir='ltr'><strong><em>λόξωσιν]</em></strong></span> 
     </span>
     <span class='ocr_line' id='line_1_33' title="bbox 297 3747 1553 3829; baseline -0.002 -15"><span class='ocrx_word' id='word_1_375' title='bbox 297 3759 349 3814; x_wconf 83' lang='grc' dir='ltr'><strong><em>καὶ</em></strong></span> <span class='ocrx_word' id='word_1_376' title='bbox 366 3752 419 3827; x_wconf 75' lang='grc' dir='ltr'><strong><em>τὴν</em></strong></span> <span class='ocrx_word' id='word_1_377' title='bbox 435 3761 487 3813; x_wconf 83' lang='grc' dir='ltr'><strong><em>τοῦ</em></strong></span> <span class='ocrx_word' id='word_1_378' title='bbox 512 3753 641 3828; x_wconf 79' lang='grc' dir='ltr'><strong><em>μεγάλου</em></strong></span> <span class='ocrx_word' id='word_1_379' title='bbox 662 3755 794 3815; x_wconf 78' lang='grc' dir='ltr'><strong><em>ἐνιαυτοῦ</em></strong></span> <span class='ocrx_word' id='word_1_380' title='bbox 816 3757 996 3829; x_wconf 87' lang='grc' dir='ltr'><strong><em>περίστασιν,</em></strong></span> <span class='ocrx_word' id='word_1_381' title='bbox 1024 3756 1118 3822; x_wconf 82' lang='grc' dir='ltr'><strong><em>Θαλῆς</em></strong></span> <span class='ocrx_word' id='word_1_382' title='bbox 1140 3754 1170 3812; x_wconf 74' lang='grc' dir='ltr'><strong><em>δὲ</em></strong></span> <span class='ocrx_word' id='word_1_383' title='bbox 1186 3747 1269 3824; x_wconf 75' lang='grc' dir='ltr'><strong><em>ἡλίου</em></strong></span> <span class='ocrx_word' id='word_1_384' title='bbox 1292 3750 1419 3827; x_wconf 77' lang='grc' dir='ltr'><strong><em>ἔκλειψιν</em></strong></span> <span class='ocrx_word' id='word_1_385' title='bbox 1434 3751 1553 3827; x_wconf 76' lang='grc' dir='ltr'><strong><em>κοίτην</em></strong></span> 
     </span>
     <span class='ocr_line' id='line_1_34' title="bbox 298 3830 1282 3914; baseline -0.006 -16"><span class='ocrx_word' id='word_1_386' title='bbox 298 3837 376 3899; x_wconf 82' lang='grc' dir='ltr'><strong><em>κατὰ</em></strong></span> <span class='ocrx_word' id='word_1_387' title='bbox 395 3836 448 3907; x_wconf 83' lang='grc' dir='ltr'><strong><em>τὰς</em></strong></span> <span class='ocrx_word' id='word_1_388' title='bbox 465 3838 578 3914; x_wconf 84' lang='grc' dir='ltr'><strong><em>τροπὰς</em></strong></span> <span class='ocrx_word' id='word_1_389' title='bbox 594 3835 684 3898; x_wconf 86' lang='grc' dir='ltr'><strong><em>αύτοῦ</em></strong></span> <span class='ocrx_word' id='word_1_390' title='bbox 700 3843 848 3914; x_wconf 84' lang='grc' dir='ltr'><strong><em>περίοδον,</em></strong></span> <span class='ocrx_word' id='word_1_391' title='bbox 865 3833 906 3904; x_wconf 78' lang='grc' dir='ltr'><strong><em>ὡς</em></strong></span> <span class='ocrx_word' id='word_1_392' title='bbox 925 3830 978 3895; x_wconf 87' lang='grc' dir='ltr'><strong><em>ούκ</em></strong></span> <span class='ocrx_word' id='word_1_393' title='bbox 995 3835 1041 3909; x_wconf 77' lang='grc' dir='ltr'><strong><em>ἴση</em></strong></span> <span class='ocrx_word' id='word_1_394' title='bbox 1059 3830 1105 3895; x_wconf 82' lang='grc' dir='ltr'><strong><em>οἷεί</em></strong></span> <span class='ocrx_word' id='word_1_395' title='bbox 1123 3839 1282 3911; x_wconf 78' lang='grc' dir='ltr'><strong><em>συμβαίνει.</em></strong></span> 
     </span>
    </p>
   </div>
   <div class='ocr_carea' id='block_1_10' title="bbox 299 4006 1555 4332">
    <p class='ocr_par' dir='ltr' id='par_1_10' title="bbox 299 4006 1555 4332">
     <span class='ocr_line' id='line_1_35' title="bbox 405 4006 1555 4078; baseline -0.003 -12"><span class='ocrx_word' id='word_1_396' title='bbox 405 4015 445 4066; x_wconf 89' lang='grc'><strong>18.</strong></span> <span class='ocrx_word' id='word_1_397' title='bbox 467 4011 549 4064; x_wconf 75' lang='lat' dir='ltr'><strong><em>Pm.</em></strong></span> <span class='ocrx_word' id='word_1_398' title='bbox 571 4010 604 4065; x_wconf 86' lang='lat' dir='ltr'><strong><em>N.</em></strong></span> <span class='ocrx_word' id='word_1_399' title='bbox 621 4011 656 4064; x_wconf 90' lang='lat' dir='ltr'><strong><em>H.</em></strong></span> <span class='ocrx_word' id='word_1_400' title='bbox 673 4010 770 4066; x_wconf 89' lang='lat' dir='ltr'>XVIII</span> <span class='ocrx_word' id='word_1_401' title='bbox 791 4014 841 4065; x_wconf 86' lang='grc'><strong><em>213</em></strong></span> <span class='ocrx_word' id='word_1_402' title='bbox 864 4025 986 4063; x_wconf 63' lang='lat' dir='ltr'><strong><em>occasum</em></strong></span> <span class='ocrx_word' id='word_1_403' title='bbox 1012 4008 1181 4062; x_wconf 79' lang='grc' dir='ltr'><strong><em>πσίπδδνιπαι</em></strong></span> <span class='ocrx_word' id='word_1_404' title='bbox 1207 4006 1389 4078; x_wconf 68' lang='lat' dir='ltr'><strong><em>Veryiliarum</em></strong></span> <span class='ocrx_word' id='word_1_405' title='bbox 1415 4008 1555 4063; x_wconf 72' lang='grc' dir='ltr'><strong><em>Ητείοδνε</em></strong></span> 
     </span>
     <span class='ocr_line' id='line_1_36' title="bbox 300 4090 1555 4166; baseline -0.003 -15"><span class='ocrx_word' id='word_1_406' title='bbox 300 4097 389 4166; x_wconf 80' lang='grc' dir='ltr'><strong><em>(μονα</em></strong></span> <span class='ocrx_word' id='word_1_407' title='bbox 406 4094 489 4149; x_wconf 73' lang='grc' dir='ltr'><strong><em>λαίαν</em></strong></span> <span class='ocrx_word' id='word_1_408' title='bbox 505 4111 609 4163; x_wconf 69' lang='lat' dir='ltr'><strong><em>quoque</em></strong></span> <span class='ocrx_word' id='word_1_409' title='bbox 625 4094 735 4150; x_wconf 69' lang='grc' dir='ltr'><strong><em>ποντίας</em></strong></span> <span class='ocrx_word' id='word_1_410' title='bbox 751 4097 842 4149; x_wconf 70' lang='lat' dir='ltr'><strong><em>exstat</em></strong></span> <span class='ocrx_word' id='word_1_411' title='bbox 856 4092 1034 4163; x_wconf 76' lang='grc' dir='ltr'><strong><em>Αυίνοίορία)</em></strong></span> <span class='ocrx_word' id='word_1_412' title='bbox 1053 4091 1172 4147; x_wconf 77' lang='grc' dir='ltr'><strong><em>ίνσδύιίίί</em></strong></span> <span class='ocrx_word' id='word_1_413' title='bbox 1186 4090 1254 4159; x_wconf 55' lang='lat' dir='ltr'><strong><em>fied,</em></strong></span> <span class='ocrx_word' id='word_1_414' title='bbox 1278 4107 1339 4147; x_wconf 84' lang='grc' dir='ltr'><strong><em>ουνα</em></strong></span> <span class='ocrx_word' id='word_1_415' title='bbox 1355 4092 1555 4161; x_wconf 72' lang='grc' dir='ltr'><strong><em>οτηαδαοοίίαμο</em></strong></span> 
     </span>
     <span class='ocr_line' id='line_1_37' title="bbox 299 4174 1555 4247; baseline -0.003 -13"><span class='ocrx_word' id='word_1_416' title='bbox 299 4179 430 4234; x_wconf 75' lang='grc' dir='ltr'><strong><em>ταπειναί</em></strong></span> <span class='ocrx_word' id='word_1_417' title='bbox 446 4178 619 4247; x_wconf 71' lang='lat' dir='ltr'><strong><em>conficeretur</em></strong></span> <span class='ocrx_word' id='word_1_418' title='bbox 638 4178 737 4234; x_wconf 75' lang='grc' dir='ltr'><strong><em>Ἠιαίτο</em></strong></span> <span class='ocrx_word' id='word_1_419' title='bbox 748 4194 818 4235; x_wconf 79' lang='lat' dir='ltr'><strong><em>m.</em></strong></span> <span class='ocrx_word' id='word_1_420' title='bbox 847 4178 892 4233; x_wconf 78' lang='lat' dir='ltr'><strong><em>die</em></strong></span> <span class='ocrx_word' id='word_1_421' title='bbox 908 4177 943 4232; x_wconf 87' lang='lat' dir='ltr'><strong><em>ab</em></strong></span> <span class='ocrx_word' id='word_1_422' title='bbox 962 4176 1139 4245; x_wconf 80' lang='grc' dir='ltr'><strong><em>αοηυίνιοοίδο,</em></strong></span> <span class='ocrx_word' id='word_1_423' title='bbox 1158 4174 1369 4230; x_wconf 58' lang='lat' dir='ltr'><strong><em>Anaximander</em></strong></span> <span class='ocrx_word' id='word_1_424' title='bbox 1386 4191 1478 4245; x_wconf 66' lang='lat' dir='ltr'><strong><em>xm„</em></strong></span> <span class='ocrx_word' id='word_1_425' title='bbox 1496 4176 1555 4230; x_wconf 68' lang='grc' dir='ltr'><strong><em>λλι-</em></strong></span> 
     </span>
     <span class='ocr_line' id='line_1_38' title="bbox 300 4263 792 4332; baseline -0.006 -12"><span class='ocrx_word' id='word_1_426' title='bbox 300 4269 406 4320; x_wconf 79' lang='grc' dir='ltr'><strong><em>οίοννοα</em></strong></span> <span class='ocrx_word' id='word_1_427' title='bbox 423 4263 717 4332; x_wconf 76' lang='lat' dir='ltr'><strong>xm11.cf.p.17B</strong></span> <span class='ocrx_word' id='word_1_428' title='bbox 736 4268 759 4318; x_wconf 88' lang='lat'><strong><em>1.</em></strong></span> <span class='ocrx_word' id='word_1_429' title='bbox 789 4280 792 4285; x_wconf 63' lang='grc'>’</span> 
     </span>
    </p>
   </div>
   <div class='ocr_carea' id='block_1_11' title="bbox 301 4410 1556 4742">
    <p class='ocr_par' dir='ltr' id='par_1_11' title="bbox 301 4410 1556 4742">
     <span class='ocr_line' id='line_1_39' title="bbox 407 4410 1556 4484; baseline -0.004 -12"><span class='ocrx_word' id='word_1_430' title='bbox 407 4423 448 4473; x_wconf 86' lang='grc'><strong>19.</strong></span> <span class='ocrx_word' id='word_1_431' title='bbox 465 4425 613 4472; x_wconf 70' lang='grc' dir='ltr'><strong><em>Δεστοτυε</em></strong></span> <span class='ocrx_word' id='word_1_432' title='bbox 625 4415 697 4471; x_wconf 86' lang='lat' dir='ltr'><strong>Flor.</strong></span> <span class='ocrx_word' id='word_1_433' title='bbox 711 4421 742 4472; x_wconf 88' lang='lat'><strong><em>18</em></strong></span> <span class='ocrx_word' id='word_1_434' title='bbox 763 4416 861 4472; x_wconf 84' lang='grc' dir='ltr'><strong><em>Τίισίοο</em></strong></span> <span class='ocrx_word' id='word_1_435' title='bbox 872 4415 1000 4470; x_wconf 65' lang='lat' dir='ltr'><strong><em>Milesius</em></strong></span> <span class='ocrx_word' id='word_1_436' title='bbox 1012 4431 1046 4469; x_wconf 87' lang='grc' dir='ltr'><strong><em>ονο</em></strong></span> <span class='ocrx_word' id='word_1_437' title='bbox 1056 4417 1157 4484; x_wconf 75' lang='grc' dir='ltr'><strong><em>πρίονα</em></strong></span> <span class='ocrx_word' id='word_1_438' title='bbox 1168 4412 1225 4468; x_wconf 68' lang='lat' dir='ltr'><em>illie</em></span> <span class='ocrx_word' id='word_1_439' title='bbox 1236 4410 1389 4482; x_wconf 68' lang='lat' dir='ltr'><em>sapientiae</em></span> <span class='ocrx_word' id='word_1_440' title='bbox 1398 4412 1556 4467; x_wconf 73' lang='lat' dir='ltr'><strong><em>memoratis</em></strong></span> 
     </span>
     <span class='ocr_line' id='line_1_40' title="bbox 301 4497 1556 4573; baseline -0.005 -15"><span class='ocrx_word' id='word_1_441' title='bbox 301 4503 371 4558; x_wconf 62' lang='grc' dir='ltr'><strong><em>ιπῗνύο</em></strong></span> <span class='ocrx_word' id='word_1_442' title='bbox 387 4502 471 4572; x_wconf 67' lang='lat' dir='ltr'><strong><em>facile</em></strong></span> <span class='ocrx_word' id='word_1_443' title='bbox 482 4501 651 4573; x_wconf 66' lang='lat' dir='ltr'><strong><em>praecipuus</em></strong></span> <span class='ocrx_word' id='word_1_444' title='bbox 668 4544 675 4556; x_wconf 92' lang='lat'><strong>.</strong></span> <span class='ocrx_word' id='word_1_445' title='bbox 693 4541 701 4556; x_wconf 88' lang='lat'><strong>.</strong></span> <span class='ocrx_word' id='word_1_446' title='bbox 720 4543 727 4556; x_wconf 90' lang='lat'><strong>.</strong></span> <span class='ocrx_word' id='word_1_447' title='bbox 743 4500 883 4556; x_wconf 70' lang='grc' dir='ltr'><strong><em>νοστίμου</em></strong></span> <span class='ocrx_word' id='word_1_448' title='bbox 904 4516 948 4554; x_wconf 77' lang='grc' dir='ltr'><strong><em>νου</em></strong></span> <span class='ocrx_word' id='word_1_449' title='bbox 962 4498 1060 4570; x_wconf 71' lang='lat' dir='ltr'><strong><em>parvis</em></strong></span> <span class='ocrx_word' id='word_1_450' title='bbox 1078 4498 1158 4553; x_wconf 76' lang='grc' dir='ltr'><strong><em>ίίνυοδε</em></strong></span> <span class='ocrx_word' id='word_1_451' title='bbox 1173 4497 1308 4568; x_wconf 67' lang='grc' dir='ltr'><strong><em>νογμονύίε</em></strong></span> <span class='ocrx_word' id='word_1_452' title='bbox 1330 4499 1481 4566; x_wconf 82' lang='grc' dir='ltr'><strong><em>ίονυμονυνα</em></strong></span> <span class='ocrx_word' id='word_1_453' title='bbox 1498 4515 1556 4552; x_wconf 80' lang='grc' dir='ltr'><strong><em>σνν-</em></strong></span> 
     </span>
     <span class='ocr_line' id='line_1_41' title="bbox 302 4580 1556 4657; baseline -0.005 -14"><span class='ocrx_word' id='word_1_454' title='bbox 302 4587 383 4657; x_wconf 66' lang='lat' dir='ltr'><strong><em>bitus,</em></strong></span> <span class='ocrx_word' id='word_1_455' title='bbox 401 4590 544 4643; x_wconf 72' lang='lat' dir='ltr'><strong><em>ventorum</em></strong></span> <span class='ocrx_word' id='word_1_456' title='bbox 565 4586 657 4656; x_wconf 71' lang='lat' dir='ltr'><strong><em>slatus,</em></strong></span> <span class='ocrx_word' id='word_1_457' title='bbox 680 4586 822 4641; x_wconf 73' lang='lat' dir='ltr'><strong><em>stellarum</em></strong></span> <span class='ocrx_word' id='word_1_458' title='bbox 842 4588 955 4654; x_wconf 78' lang='grc' dir='ltr'><strong><em>νιοαίιιο,</em></strong></span> <span class='ocrx_word' id='word_1_459' title='bbox 981 4583 1133 4639; x_wconf 78' lang='grc' dir='ltr'><strong><em>ίοαλδνιααυ</em></strong></span> <span class='ocrx_word' id='word_1_460' title='bbox 1149 4599 1250 4638; x_wconf 73' lang='lat' dir='ltr'><em>sonora</em></span> <span class='ocrx_word' id='word_1_461' title='bbox 1270 4581 1411 4650; x_wconf 72' lang='lat' dir='ltr'><strong><em>miracula,</em></strong></span> <span class='ocrx_word' id='word_1_462' title='bbox 1435 4580 1556 4637; x_wconf 64' lang='lat' dir='ltr'><strong><em>nidorum</em></strong></span> 
     </span>
     <span class='ocr_line' id='line_1_42' title="bbox 301 4665 1556 4742; baseline -0.004 -15"><span class='ocrx_word' id='word_1_463' title='bbox 301 4672 414 4742; x_wconf 75' lang='grc' dir='ltr'><strong><em>οοίίηαα</em></strong></span> <span class='ocrx_word' id='word_1_464' title='bbox 431 4670 573 4741; x_wconf 62' lang='lat' dir='ltr'><strong><em>emula,</em></strong></span> <span class='ocrx_word' id='word_1_465' title='bbox 596 4672 662 4727; x_wconf 80' lang='grc' dir='ltr'><strong><em>εοίίε</em></strong></span> <span class='ocrx_word' id='word_1_466' title='bbox 679 4687 776 4726; x_wconf 70' lang='lat' dir='ltr'><strong><em>ama</em></strong></span> <span class='ocrx_word' id='word_1_467' title='bbox 795 4669 962 4738; x_wconf 58' lang='lat' dir='ltr'><strong><em>reverticula,</em></strong></span> <span class='ocrx_word' id='word_1_468' title='bbox 984 4669 1059 4724; x_wconf 74' lang='lat' dir='ltr'><strong><em>idem</em></strong></span> <span class='ocrx_word' id='word_1_469' title='bbox 1076 4669 1161 4724; x_wconf 82' lang='grc' dir='ltr'><strong><em>ίπμαο</em></strong></span> <span class='ocrx_word' id='word_1_470' title='bbox 1175 4669 1217 4724; x_wconf 83' lang='lat' dir='ltr'><strong><em>vel</em></strong></span> <span class='ocrx_word' id='word_1_471' title='bbox 1238 4665 1374 4724; x_wconf 75' lang='grc' dir='ltr'><strong><em>πσοπαδύε</em></strong></span> <span class='ocrx_word' id='word_1_472' title='bbox 1390 4666 1556 4722; x_wconf 65' lang='lat' dir='ltr'><strong><em>{normata</em></strong></span> 
     </span>
    </p>
   </div>
   <div class='ocr_carea' id='block_1_12' title="bbox 0 0 2073 5617">
    <p class='ocr_par' dir='ltr' id='par_1_12' title="bbox 0 0 2073 5617">
     <span class='ocr_line' id='line_1_43' title="bbox 0 0 2073 5617; baseline 0 0"><span class='ocrx_word' id='word_1_473' title='bbox 0 0 2073 5617; x_wconf 95' lang='lat' dir='ltr'><strong><em> </em></strong></span> 
     </span>
    </p>
   </div>
  </div>
 </body>
</html>
