4117 5617
918 609 1139 664 PRAEFATIO
1603 613 1657 668 Vll

403 774 547 828 contextu
574 774 635 827 tam
662 764 741 827 clare
769 730 967 846 praescriptus
995 766 1167 840 videbatur,
1194 775 1228 828 ut
1253 765 1453 843 dispositionis
1483 765 1567 827 filum
1589 769 1659 829 satis

401 878 481 930 certo
512 889 567 949 per
597 867 738 950 pleraque
766 888 801 930 ac
827 869 1000 948 gravissima
1021 869 1175 950 fragmina
1203 869 1339 950 persequi
1365 868 1472 932 liceret.
1522 868 1590 930 talis
1616 879 1661 931 est

401 970 535 1033 condicio
546 970 821 1051 Empedocleorum
836 991 912 1052 quae
934 971 973 1033 ad
993 970 1091 1034 lucem
1113 971 1312 1052 amplissimae
1326 971 1590 1052 doxographorum
1602 993 1659 1033 me-

401 1074 511 1136 moriae
532 1074 647 1154 egregie
668 1074 870 1155 explanantur
891 1094 926 1136 ac
948 1074 1157 1154 disponuntur.

489 1176 526 1236 de
548 1175 665 1238 delectu
686 1185 789 1240 nostro
810 1186 964 1257 poetarum
986 1177 1043 1240 hoc
1066 1178 1192 1241 breviter
1212 1177 1395 1239 monendum
1409 1187 1462 1241 cst.
1498 1178 1660 1259 recepimus

402 1277 525 1339 Eleates
546 1287 576 1339 st
589 1278 802 1360 Empedoclem
824 1288 976 1360 tamquam
997 1279 1160 1343 medullam
1181 1279 1270 1342 huius
1291 1301 1422 1361 poeseos.
1465 1281 1513 1342 cui
1526 1281 1660 1342 Thaletis

400 1389 431 1441 et
449 1379 607 1443 Cleostrati
628 1381 815 1462 Astrologias
837 1382 1048 1463 praemisimus,
1071 1383 1142 1465 quia
1162 1405 1200 1444 ex
1220 1383 1266 1444 his
1289 1382 1393 1445 studiis
1414 1382 1510 1444 ionica
1530 1382 1660 1465 philoso-

400 1483 473 1562 phia
493 1493 558 1547 orta
586 1495 646 1560 est,
674 1491 811 1566 quamvis
833 1486 968 1549 Thaletis
997 1488 1063 1567 ipsa
1083 1486 1242 1549 auctoritas
1264 1485 1355 1547 dubia
1376 1485 1421 1547 sit.
1464 1494 1561 1546 cetera
1580 1485 1660 1548 illius

402 1585 513 1647 saeculi
534 1588 665 1649 carmina
686 1587 770 1651 velut
792 1588 943 1662 Hesiodea
965 1598 995 1651 et
1016 1589 1148 1671 Orphica
1169 1589 1233 1650 aliis
1256 1587 1344 1649 huius
1363 1587 1501 1668 Corporis
1525 1589 1660 1668 partibus

400 1698 599 1753 reserventur.
642 1690 840 1772 sophistarum
861 1691 976 1771 poetica
996 1712 1060 1753 non
1082 1691 1180 1752 minus
1194 1689 1299 1771 procul
1314 1689 1404 1751 habui
1419 1710 1509 1770 quam
1523 1692 1659 1766 Socratis,

401 1789 427 1851 si
448 1790 493 1852 dis
515 1790 625 1872 placet,
654 1791 790 1855 Platonis
811 1793 980 1856 Aristotelis
1002 1794 1146 1874 Diogenis
1173 1792 1305 1874 pericula
1333 1793 1459 1874 poetica,
1488 1814 1564 1875 quae
1585 1795 1661 1856 inter

400 1891 545 1973 elegiacos
570 1893 678 1976 lyricos
702 1895 829 1976 tragicos
851 1895 1056 1958 distribuenda
1076 1904 1163 1956 erunt
1189 1904 1224 1957 ut
1244 1894 1398 1957 Cleanthis
1419 1894 1550 1976 hymnus
1573 1906 1660 1977 atque

400 2003 497 2056 cetera
512 1996 661 2060 eiusmodi.
699 1998 877 2080 Scythinum
898 2009 997 2060 tamen
1011 2007 1042 2060 et
1056 1998 1255 2060 Menecratem
1269 1996 1367 2078 recepi
1379 1997 1448 2076 quia
1462 1997 1502 2059 ad
1516 1997 1660 2059 Heracliti

400 2097 622 2179 philosophiam
649 2101 799 2182 pertinent
824 2111 858 2164 ut
879 2102 946 2166 silli
966 2102 1099 2164 Timonis
1126 2100 1165 2162 ad
1186 2099 1394 2181 Xenophanis.
1438 2099 1559 2161 omnino
1585 2098 1660 2160 face

401 2201 505 2262 tissimi
533 2203 595 2265 eius
622 2224 726 2267 versus
751 2214 869 2267 tantum
898 2204 1059 2267 conferunt
1079 2203 1118 2265 ad
1139 2202 1334 2284 philosophos
1355 2211 1432 2264 recte
1453 2201 1661 2264 describendos

400 2312 433 2364 et
464 2303 684 2381 diiudicandos,
719 2317 838 2370 utnon
859 2307 967 2368 iniuria
987 2307 1019 2367 in
1042 2306 1100 2368 hoc
1121 2304 1192 2368 orbe
1212 2313 1413 2368 numerentur.
1456 2304 1541 2367 Timo
1563 2313 1661 2367 autem

400 2415 432 2467 et
445 2405 592 2469 Oratetem
613 2407 706 2489 paulo
728 2413 908 2491 superiorem
924 2429 1022 2471 secum
1041 2408 1131 2470 traxit
1143 2416 1174 2468 et
1187 2407 1370 2470 Demetrium
1380 2405 1471 2487 paulo
1486 2407 1660 2482 inferiorem,

400 2529 491 2589 quem
512 2509 629 2591 quidem
650 2510 762 2592 primus
783 2512 840 2575 hoc
861 2511 927 2574 loco
949 2511 1102 2575 collocavi.

487 2633 582 2675 unum
608 2621 714 2689 restat,
736 2615 815 2696 quod
844 2623 929 2697 egeat
950 2615 1013 2679 sive
1035 2613 1231 2695 explicatione
1253 2613 1315 2676 sive
1335 2611 1533 2686 excusatione,
1555 2611 1661 2674 dialec-

401 2723 459 2776 tus.
503 2715 528 2777 si
552 2715 706 2797 vulgarem
730 2717 851 2780 modum
878 2718 1048 2800 probarem,
1072 2738 1159 2798 quem
1181 2716 1268 2777 etiam
1290 2713 1461 2777 Kaibelium
1481 2723 1567 2776 caute
1589 2735 1661 2776 sane

401 2825 536 2879 secutum
563 2818 664 2894 video,
692 2820 936 2903 philosophorum
964 2840 1143 2895 sermonem,
1171 2820 1222 2901 qui
1249 2818 1376 2899 elegiaco
1398 2816 1448 2881 vel
1469 2817 1552 2898 epico
1572 2838 1661 2881 versu

401 2927 536 2994 utuntur,
566 2920 604 2982 ad
626 2921 708 2984 Iadis
729 2923 828 3004 opicae
849 2944 984 2986 normam
1005 2923 1227 2985 recensuissem.
1272 2921 1313 2982 sic
1333 2920 1503 3001 quicunque
1524 2929 1594 2981 ante
1615 2941 1662 2981 ms

401 3008 647 3104 philosophorum
662 3025 766 3106 poesin
781 3025 966 3107 collegerunt
979 3026 1048 3087 inde
1063 3025 1101 3087 ab
1113 3024 1246 3086 Hsnrico
1261 3022 1415 3102 Stephano
1426 3021 1544 3083 Galliae
1558 3022 1662 3084 decore

401 3144 498 3205 usque
519 3125 557 3187 ad
579 3147 647 3189 eum
668 3127 826 3203 hominem,
849 3129 901 3209 qui
914 3128 1098 3191 Germanum
1120 3146 1231 3188 nomen
1253 3123 1332 3205 apud
1354 3131 1470 3185 exteros
1490 3125 1592 3186 infami
1607 3145 1663 3186 sua

400 3225 636 3308 fragmentorum
658 3230 775 3312 sylloge
795 3231 1009 3306 dehonestavit,
1031 3250 1134 3292 omnes
1155 3229 1348 3292 Homericum
1369 3227 1497 3290 colorem
1519 3228 1584 3290 sins
1598 3225 1662 3287 ulla

401 3327 587 3394 dubitatione
612 3333 785 3414 fragmentis
812 3333 1010 3396 obduxerunt
1054 3353 1180 3414 quorum
1201 3330 1371 3409 exemplum
1391 3351 1446 3411 ego
1468 3329 1550 3410 sequi
1570 3327 1662 3391 nolui.

400 3451 472 3494 nam
509 3433 634 3496 Homeri
672 3437 803 3499 carmina
835 3436 1093 3518 grammaticorum
1124 3435 1400 3497 Alexandrinorum
1431 3453 1540 3495 manus
1572 3450 1662 3512 passa

402 3542 475 3595 sunt
495 3537 591 3599 varias
613 3539 744 3619 priorum
765 3540 909 3603 editiones
931 3539 1167 3620 comparantium
1185 3537 1464 3618 etexaequantium.
1507 3535 1539 3595 in
1554 3533 1662 3615 quibus

402 3644 492 3698 antea
518 3639 613 3702 multo
642 3642 780 3704 maiorem
810 3641 926 3704 dialecti
953 3642 1151 3705 diversitatem
1178 3640 1271 3702 fuisse
1298 3661 1337 3701 ex
1364 3639 1453 3702 variis
1485 3634 1662 3698 lectionibus

401 3740 605 3821 exemplorum
625 3744 710 3807 velut
730 3744 878 3807 Platonici
899 3744 1110 3807 et·Zenodotei
1131 3743 1234 3805 elucet.
1278 3743 1329 3823 qui
1350 3742 1438 3822 igitur
1458 3736 1663 3801 deficientibus

360 3836 368 3868 ·’
402 3838 578 3925 plerumque
606 3845 838 3926 fragmentorum
866 3847 938 3928 ipsis
966 3846 1091 3908 testibus
1118 3845 1156 3907 ad
1186 3845 1265 3906 hanc
1286 3864 1421 3906 normam
1441 3841 1600 3904 dialectum
1620 3859 1662 3900 re

402 3942 524 4006 stituere
545 3956 634 4028 atque
656 3949 755 4010 omnia
777 3948 815 4010 ds
837 3948 939 4010 eadem
961 3948 1059 4010 fidelia
1080 3947 1211 4010 colorare
1233 3946 1357 4021 studeat
1379 3947 1407 4007 ei
1427 3944 1590 4008 verendum
1610 3950 1662 4015 est,

402 4065 445 4105 ne
466 4045 554 4109 simul
575 4050 731 4130 peculiaris
753 4052 916 4125 sermonis,
939 4052 1095 4132 praecipue
1117 4050 1213 4112 Italici
1234 4058 1264 4110 et
1285 4047 1453 4122 Siciliensis,
1476 4056 1577 4108 tenera
1598 4065 1663 4107 ves·

401 4147 475 4229 tigia
496 4149 645 4213 oblitteret
664 4162 694 4214 et
715 4153 852 4216 obducat.
896 4154 981 4216 cuius
1002 4154 1118 4234 generis
1139 4173 1203 4215 non
1224 4151 1312 4214 nulla
1333 4149 1472 4231 exempla
1491 4150 1521 4210 in
1540 4148 1663 4210 adnota-

402 4251 486 4314 tione
513 4253 581 4314 dedi
608 4262 639 4316 et
659 4255 780 4318 omnino
802 4256 883 4318 hanc
906 4257 1049 4318 rationem
1070 4256 1102 4315 in
1123 4254 1300 4316 Parmenide
1321 4274 1385 4316 meo
1408 4251 1663 4332 (Berolini1897)

401 4377 433 4436 p.
457 4358 497 4418 27
520 4365 550 4417 et
570 4357 602 4417 in
625 4357 721 4420 Musei
744 4359 885 4421 Rhenani
907 4359 967 4423 vol.
989 4359 1068 4423 LVI
1089 4379 1119 4438 p.
1142 4361 1182 4420 35
1198 4379 1241 4439 sq.
1264 4356 1393 4420 defendi
1435 4354 1574 4415 nimirum
1595 4351 1663 4412 titu-

400 4457 501 4519 lorum
524 4467 674 4521 erutorum
696 4462 874 4524 carminibus
901 4483 935 4524 ac
949 4461 1107 4544 praecipue
1121 4459 1242 4523 Solonis
1258 4459 1506 4540 Bacchylidisque
1520 4454 1663 4537 exemplis

401 4560 533 4642 antiquis
560 4562 681 4643 repertis
709 4563 746 4624 de
771 4564 887 4627 dialecti
916 4565 997 4646 apud
1023 4573 1126 4646 poetas
1148 4563 1315 4625 constantia
1336 4561 1442 4624 fortius
1464 4581 1553 4642 quam
1574 4568 1664 4621 antea

400 4663 538 4726 dubitare
552 4664 714 4729 didicimus.
759 4666 885 4729 forsitan
900 4689 976 4749 quae
990 4688 1074 4729 nunc
1088 4666 1240 4729 arbitraria
1254 4687 1318 4727 esse
1331 4665 1478 4738 videntur,
1493 4663 1564 4725 olim
1578 4682 1663 4724 secus

400 4786 435 4829 se
463 4764 573 4828 habere
600 4766 798 4849 intellegatur.
843 4789 926 4831 nunc
954 4768 1090 4851 equidem
1119 4768 1281 4850 quidquam
1309 4765 1500 4848 praeiudicati
1528 4767 1559 4825 in
1583 4764 1663 4826 hanc
