4117 5617
711 551 1231 627 A,TEsT.D00rRmAE50-65.
1559 575 1600 634 93

449 741 491 791 57.
509 736 610 792 Αωιετ.
623 737 658 792 de
670 739 761 792 anima
776 741 833 794 36.
850 739 914 793 41812
923 744 957 794 20
976 733 1030 797 οόκ
1048 734 1147 811 ὀρθῶς
1163 735 1199 798 Ἑ.
1219 735 1281 799 οὐδ’
1299 739 1384 809 εἴτις
1404 739 1492 810 άλλος
1509 763 1601 811 ουτως

344 821 470 896 εἴρηκεν,
495 818 538 888 ῶς
561 823 725 894 φερομένου
747 828 799 881 τοῦ
822 820 922 894 φωτός
942 828 991 882 καί
1012 827 1185 898 γιγνομένου
1204 827 1254 893 [εἰσ
1274 828 1356 883 etiam
1374 827 1468 883 Them.
1481 827 1600 898 Philop.:

345 907 513 978 τεινομένου
524 908 585 970 RV]
599 907 672 964 ποτὲ
682 903 788 977 μεταξὺ
805 913 855 979 τῆς
866 913 917 982 γῆς
928 914 977 966 καὶ
994 915 1047 968 τοῦ
1059 911 1254 983 περιέχοντος,
1271 906 1345 984 ήμσῖς
1362 912 1392 969 δέ
1403 909 1602 980 λανθάνοντος

346 1035 396 1049 ...
418 992 452 1051 ἐν
468 997 573 1067 μικρῶι
589 994 643 1063 μὲν
660 987 717 1065 γάρ
734 990 902 1066 διαστήματι
919 991 1008 1053 λάθοι
1026 992 1076 1062 άν,
1101 990 1154 1054 ἄπ’
1174 992 1316 1069 α’νατολῆς
1332 997 1360 1053 δ’
1378 996 1425 1055 ἐπὶ
1441 995 1548 1069 δυσμὰς
1565 1019 1601 1057 το

306 1081 324 1130 5
344 1077 501 1138 λανθάνειν
522 1079 596 1152 μέγα
618 1081 683 1136 λίαν
704 1075 740 1136 τὸ
759 1076 872 1150 αἴτημα.
908 1080 943 1135 do
960 1097 1043 1137 sensu
1060 1087 1084 1136 6.
1103 1086 1208 1137 44626
1230 1079 1367 1156 καθάπερ
1388 1086 1438 1140 καὶ
1457 1077 1493 1141 Ἐ.
1516 1104 1602 1157 φησιν

345 1159 534 1236 ἀφικνεῖσθαι
555 1161 704 1236 πρότερον
725 1161 760 1221 τὸ
779 1158 839 1222 άπὸ
858 1169 911 1222 τοῦ
928 1158 1008 1236 ῆλίον
1025 1170 1089 1238 φῶς
1106 1166 1146 1233 είς
1162 1164 1197 1224 τὸ
1215 1165 1321 1236 μεταξό
1340 1166 1404 1232 [τόν
1426 1163 1531 1236 μεταξὺ
1548 1169 1601 1224 ΕΜ

344 1249 410 1307 fort.
426 1255 512 1314 τεοῖο,
536 1249 593 1304 scil.
612 1243 665 1305 τὸν
686 1243 865 1319 φαινόμενον
887 1239 992 1317 όλιονΙ,
1013 1254 1085 1322 πρίν
1105 1246 1180 1325 πρὸς
1201 1249 1254 1323 τήν
1277 1247 1348 1324 ὅφιν
1368 1247 1387 1323 ή
1409 1248 1456 1309 ἐπί
1473 1247 1524 1324 τήν
1540 1257 1600 1326 γῆν.

345 1337 518 1394 ef.P1111.01>.
536 1335 572 1390 de
588 1334 680 1390 anima
697 1339 756 1400 344,
773 1338 807 1389 34
825 1335 870 1400 (τό
880 1335 933 1389 Ar.
945 1336 1063 1404 4181220)
1084 1330 1120 1394 Ἑ.
1139 1329 1173 1403 ός
1198 1331 1295 1409 έλεγεν
1319 1329 1468 1408 άπορρέον
1485 1333 1521 1395 τὸ
1539 1342 1602 1410 φῶς

345 1427 429 1492 σῶμα
449 1416 484 1478 όν
501 1418 536 1478 ἐκ
552 1425 606 1478 τοῦ
622 1421 801 1489 φωτίζοντος
819 1419 955 1489 σώματος
971 1423 1106 1493 γίνεσθαι
1124 1425 1243 1493 πρῶτον
1259 1420 1291 1479 ἐν
1308 1425 1361 1479 τῶι
1383 1422 1489 1492 μεταξὺ
1506 1419 1601 1480 τόποι

293 1508 323 1558 16
344 1512 393 1579 τῆς
411 1527 443 1564 τε
454 1511 505 1578 γῆς
521 1509 571 1563 καί
588 1509 642 1563 τοῦ
653 1499 779 1577 οὐρανοῦ
797 1500 859 1562 εἶτα
872 1499 1057 1576 άφικνεῖσθοιι
1069 1502 1144 1581 πρός
1156 1501 1241 1579 ῆμᾱς,
1262 1504 1418 1564 λανθάνειν
1435 1509 1465 1567 δέ
1477 1508 1528 1582 τήν
1541 1529 1600 1567 τοι·

345 1588 434 1664 αὐτην
451 1584 541 1649 αότοῦ
558 1592 669 1662 κίνησιν
686 1587 731 1648 διά
750 1585 802 1662 τήν
818 1595 971 1662 ταχυτῆτα.

449 1714 490 1764 58.
507 1709 677 1775 Anum
691 1710 735 1776 [1).
745 1714 805 1777 338]
820 1708 857 1767 Ἔ.
876 1714 929 1768 τοῦ
946 1704 1035 1784 άέρος
1051 1705 1179 1777 εἴξαντος
1196 1715 1240 1782 τῆι
1258 1715 1310 1768 τοῦ
1327 1705 1409 1783 ῆλίου
1428 1705 1522 1787 όρμῆι,
1539 1710 1598 1770 ἐπι·

344 1797 477 1866 κλιθῆναι
495 1793 548 1858 τὰς
565 1790 699 1866 ἄρκτους,
715 1798 764 1852 καὶ
783 1790 818 1853 τά
830 1794 884 1863 μέν
895 1791 1000 1867 βόρεια
1012 1789 1173 1867 όφωθῆναι,
1190 1793 1226 1854 τὰ
1239 1797 1269 1854 δέ
1280 1795 1364 1854 νότια
1377 1801 1600 1869 ταπεινωθῆναι,

344 1872 418 1935 καθ’
437 1871 455 1936 ό
471 1881 520 1934 καί
537 1873 591 1936 τόν
615 1869 686 1936 όλον
702 1876 824 1949 κόσμον.
859 1884 901 1946 23,
917 1885 932 1934 3
951 1879 996 1945 [1).
1012 1884 1071 1946 353]
1087 1870 1123 1936 Έ.
1146 1874 1204 1937 όπό
1228 1885 1277 1952 τῆς
1299 1878 1487 1954 περιεχούσης
1509 1874 1600 1940 αὐτόν

295 1970 325 2020 15
346 1965 472 2034 σφαίρας
488 1963 671 2033 κωλυόμενον
688 1961 755 2035 άχρι
773 1964 884 2031 παντὸς
906 1956 1081 2036 εόθυπορεῐν
1097 1968 1146 2021 καί
1170 1959 1226 2021 ὑπὸ
1245 1969 1305 2023 τῶν
1322 1971 1470 2036 τροπικῶν
1487 1962 1599 2024 κόκλων

345 2054 392 2114 [ες.
405 2047 459 2105 τόν
474 2037 556 2118 ήλιον
572 2049 750 2121 τρέπεσθαι]

449 2175 490 2226 59.
507 2170 585 2224 Imm
593 2167 630 2234 11,
639 2172 705 2234 24,ῖ
719 2168 764 2233 [D.
773 2172 833 2233 354]
851 2164 968 2239 σελήνης
980 2161 1071 2225 αὐτὸν
1083 2161 1277 2240 όπερχομένης
1290 2175 1337 2234 [ευ.
1345 2158 1426 2227 ἵλαον
1437 2167 1598 2235 ἐκλείπειν]

448 2311 489 2361 66.
507 2305 671 2369 ΙοτττΠ25,
682 2308 713 2358 15
732 2303 776 2369 [D.
787 2308 847 2370 351]
864 2296 902 2360 Ἔ.
920 2296 993 2375 άέρα
1012 2302 1272 2377 συνεστραμμένον,
1290 2308 1431 2374 νεφοειδῆ,
1450 2301 1599 2378 πεπηγότα
1699 2326 1701 2330 ’

344 2387 403 2449 όπὸ
428 2387 532 2464 πυρός,
555 2381 631 2447 ιόστε
653 2383 812 2459 σόμμικτον
835 2392 881 2457 [se.
898 2383 949 2460 τῆν
972 2387 1113 2461 σελήνην]
1147 2389 1236 2444 Ρτστ.
1249 2389 1284 2444 de
1295 2388 1347 2444 fac.
1359 2389 1388 2443 in
1401 2390 1468 2446 orbe
1479 2390 1534 2444 lun.
1547 2394 1570 2456 5,
1583 2395 1599 2445 6

292 2486 323 2535 20
343 2495 371 2549 p.
388 2477 472 2533 9220
493 2480 543 2534 καί
565 2472 623 2549 γάρ
640 2468 822 2544 Ἐμπεδοκλεῖ
843 2476 1062 2531 δυσκολαίνουσι
1082 2469 1179 2546 πάγον
1197 2468 1285 2546 άέρος
1300 2470 1451 2547 χαλαζώδη
1468 2480 1600 2533 ποιοῦντι

345 2558 397 2636 τήν
414 2558 533 2635 σελήνην
549 2555 608 2619 όπό
626 2563 676 2630 τῆς
692 2562 745 2616 τοῦ
761 2554 854 2633 πυρὸς
870 2561 998 2631 σφαίρας
1015 2556 1232 2630 περιεχόμενον.
1267 2558 1340 2613 ΑΜ.
1353 2559 1381 2614 Π
1398 2564 1440 2627 27,
1454 2565 1469 2615 3
1484 2560 1529 2627 [D.
1539 2564 1598 2627 358]

345 2652 498 2720 δισκοειδῆ;
515 2647 550 2702 οῖ.
567 2647 656 2701 Pm.
675 2650 780 2713 quaest„
797 2644 878 2699 Rom.
892 2648 939 2699 101
957 2645 1086 2715 η).188Β
1109 2640 1144 2701 τό
1162 2643 1220 2718 γάρ
1240 2636 1419 2715 φαινόμενον
1440 2649 1532 2717 σχῖμα
1550 2648 1600 2715 τῆς

345 2729 473 2806 σελήνης,
492 2723 566 2790 όταν
581 2723 610 2804 ήι
622 2724 783 2802 διχόμηνος,
801 2722 835 2786 οὗ
848 2729 1029 2801 σφαιροειδὲς
1046 2722 1119 2788 άλλά
1134 2729 1284 2801 φακοειδές
1301 2729 1362 2786 ἐστι
1378 2733 1427 2786 καί
1438 2730 1601 2796 δισκοειδές,

345 2815 385 2887 ῶς
402 2813 430 2876 δ’
445 2811 483 2876 'E-
496 2813 597 2883 οἴεται,
613 2819 662 2872 καί
679 2812 714 2871 τό
726 2808 927 2883 ὓποκείμενον.
957 2815 1031 2870 Am.
1043 2814 1125 2880 1128,
1139 2819 1153 2869 5
1171 2814 1216 2880 [D.
1228 2818 1288 2878 358]
1308 2818 1401 2885 θαλῆς
1412 2819 1529 2888 πρῶτος
1545 2809 1599 2886 έφη

292 2910 323 2960 25
342 2899 401 2963 ὑπὸ
420 2906 473 2961 τοῦ
490 2898 572 2974 ῆλίου
588 2901 775 2969 φωτίζεσθαι.
811 2896 996 2973 Πυθαγόρας,
1014 2901 1204 2973 Παρμενίδης,
1220 2892 1256 2956 'a
1343 2892 1461 2968 ὁμοίως.

448 3025 489 3078 61.
507 3020 672 3085 Inuum,
684 3023 697 3074 1
711 3018 757 3084 [D.
766 3023 826 3082 362]
844 3012 880 3074 Ἐ.
898 3015 1049 3075 διπλάσιον
1066 3012 1183 3089 α’πέχειν
1199 3019 1252 3090 τῆν
1269 3009 1388 3089 σελήνην
1406 3010 1465 3074 άπό
1484 3021 1534 3088 τῆς
1549 3021 1600 3088 γῆς

343 3109 417 3180 ἤπερ
440 3100 501 3166 άπὸ
524 3110 577 3163 τοῦ
598 3100 688 3175 ήλίου,
709 3103 788 3159 Aetii
810 3104 881 3159 vitio
903 3110 1070 3173 comptum,
1094 3104 1171 3173 quod
1188 3119 1248 3159 esse
1269 3102 1391 3158 debebat
1411 3095 1529 3172 άπέχειν
1545 3097 1600 3159 τὸν

343 3186 425 3265 ήλιον
442 3186 503 3251 άπὸ
522 3195 573 3261 τῆς
589 3195 639 3263 γῆς
656 3186 729 3261 ήπερ
746 3185 799 3260 τήν
816 3183 942 3259 σελήνην.

448 3316 490 3366 62.
507 3308 710 3372 Ητετοτ..Ι4,3
725 3307 770 3374 [D.
781 3311 840 3371 558]
860 3297 960 3379 ῶσπερ
980 3301 997 3363 ό
1014 3300 1050 3363 Ἐ.
1068 3301 1164 3364 πάντα
1182 3303 1237 3362 τόν
1253 3299 1326 3363 καθ’
1344 3301 1417 3378 ῆμᾶς
1434 3303 1528 3362 τόπον
1545 3301 1599 3376 ἐφη

293 3403 324 3453 36
345 3401 445 3456 κακῶν
464 3391 575 3466 μεστὸν
593 3390 665 3452 εἶναι
682 3396 732 3450 καί
748 3393 833 3466 μέχρι
850 3392 903 3463 μέν
920 3388 1038 3465 σελήνης
1056 3391 1091 3450 τά
1109 3387 1185 3449 κακά
1203 3387 1326 3464 φθάνειν
1344 3389 1377 3448 ἐκ
1394 3394 1447 3449 τοῦ
1463 3393 1530 3463 περὶ
1546 3393 1599 3462 γῆν

345 3481 440 3541 τόπου
457 3478 583 3539 ταθέντα
601 3479 764 3552 περαιτέρω
779 3479 809 3536 δέ
820 3473 858 3550 μῆ
868 3487 976 3550 χωρεῖν
987 3469 1040 3536 άτε
1051 3478 1262 3552 καθαρωτέρου
1273 3481 1325 3534 τοῦ
1335 3472 1407 3548 ὑπὲρ
1419 3470 1469 3547 τήν
1481 3472 1599 3547 σελήνην

345 3565 457 3633 παντὸς
475 3562 562 3632 ὄντος
579 3561 686 3631 τόπου,
703 3554 780 3622 οότω
797 3568 846 3620 καὶ
863 3567 915 3620 τῶι
930 3557 1115 3635 Ἡρακλείτωι
1132 3560 1240 3630 ἔδοξεν.

448 3706 490 3757 63.
514 3701 616 3757 ΑΒιεν.
628 3701 740 3757 Μοῒοοτ.
752 3703 772 3754 Β
785 3704 809 3755 9.
821 3699 928 3755 369312
948 3699 997 3766 (de
1015 3691 1173 3771 άστραπῆι)
1192 3697 1265 3764 τινὲς
1283 3697 1413 3770 λέγουσιν
1431 3691 1471 3764 ῶς
1488 3694 1519 3754 ἐν
1536 3705 1599 3762 τοῖς

345 3786 461 3858 νέφεσιν
483 3783 625 3859 ἐγγίνεται
646 3790 712 3856 πῦρ.
733 3790 820 3842 τοῦτο
844 3777 871 3841 δ’
888 3776 924 3840 Ἑ.
942 3783 996 3854 μέν
1018 3803 1104 3855 φησιν
1121 3780 1192 3840 εἶναι
1214 3783 1249 3840 τό
1271 3780 1598 3857 ἐμπεριλαμβανόμενον

293 3881 323 3931 35
344 3877 404 3929 τῶν
425 3875 479 3930 τοῦ
501 3865 584 3942 ήλίου
601 3865 735 3929 άκτίνων.
770 3869 963 3933 Am.1113,⁷
983 3868 1028 3934 [D.
1041 3870 1101 3931 368]
1120 3861 1155 3925 ’8.
1175 3863 1320 3937 έμπτωσιν
1338 3865 1437 3941 φωτὸς
1455 3869 1495 3936 είς
1511 3869 1599 3941 νέφος

344 3955 525 4030 ἐξείργοντος
542 3955 596 4013 τόν
613 3948 785 4013 άνθεστῶτα
803 3946 885 4023 άέρα,
904 3943 939 4009 οὗ
957 3952 1008 4024 τῆν
1025 3953 1079 4022 μὲν
1097 3951 1196 4025 σβέσιν
1213 3953 1235 4017 [Y
1253 3956 1347 4024 σχίσιν
1364 3955 1398 4010 οῖ.
1411 3955 1427 4022 3
1439 3958 1464 4018 3]
1482 3957 1531 4009 καί
1548 3947 1599 4024 τῆν

344 4047 468 4113 θραῦσιν
485 4037 597 4099 κτόπον
614 4033 840 4114 άπεργάζεσθαι,
857 4035 908 4109 τήν
926 4038 955 4094 δὲ
972 4033 1083 4110 λάμφιν
1101 4033 1260 4109 άστραπήν,
1278 4038 1421 4110 κεραυνόν
1439 4037 1469 4094 δέ
1485 4034 1539 4093 τὸν
1550 4042 1598 4108 τῆς

343 4122 493 4198 άστραπῆς
510 4121 608 4184 τόνον.

447 4249 489 4299 64.
507 4244 667 4301 Ommon.
679 4244 708 4297 in
719 4242 832 4298 Μοῖοοτ.
845 4245 870 4298 Α
881 4245 921 4296 13.
934 4245 1016 4306 162,1
1037 4240 1122 4295 866νο
1139 4239 1169 4295 τί
1186 4234 1220 4295 τό
1239 4241 1338 4294 κινοῦν
1355 4231 1458 4304 αὐτοὺς
1477 4241 1595 4304 [ventos]

293 4341 322 4391 40
344 4326 428 4402 λοξὴν
448 4331 576 4401 κίνησιν,·
599 4319 646 4386 ότι
668 4324 702 4385 οὐ
725 4323 760 4384 τὸ
778 4330 883 4396 γεῶδες
899 4329 948 4382 καί
965 4323 1001 4382 τὸ
1020 4327 1148 4397 πυρῶδες
1165 4321 1217 4394 τῆν
1232 4320 1369 4379 ἐναντίαν
1385 4321 1539 4392 κινούμενοι
1556 4325 1596 4378 κί·

344 4435 431 4488 νησιν,
448 4409 490 4482 ῶς
506 4409 541 4471 Ἐ.
560 4410 655 4480 ῶιετο,
672 4404 737 4471 άλλ’
758 4406 899 4469 όκύκλωι
915 4408 1085 4479 κινούμενος
1103 4403 1166 4481 άήρ.

448 4555 489 4606 65.
512 4549 703 4615 Am.1118‚1
724 4548 769 4616 [D.
782 4547 841 4618 375]
862 4540 897 4603 Ἐ.
920 4549 969 4603 καί
990 4545 1018 4603 οἳ
1037 4548 1164 4602 Στωικοί
1180 4546 1307 4615 χειμῶνα
1326 4543 1379 4612 μὲν
1396 4544 1528 4614 γίνεσθαι
1545 4546 1597 4601 τοῦ

342 4631 431 4709 άέρος
446 4635 673 4708 ἐπικρατοῦντος
690 4638 735 4706 τῆι
752 4628 894 4690 πυκνώσει
913 4631 952 4697 είς
970 4625 1005 4688 τό
1025 4624 1162 4702 άνωτὲρω
1172 4628 1356 4702 βιαζομένου,
1373 4629 1492 4702 θερείαν
1504 4629 1534 4686 δέ
1545 4648 1597 4686 τον

343 4716 445 4795 πυρός,
464 4711 538 4778 όταν
555 4721 595 4787 είς
612 4716 647 4778 τό
666 4718 822 4792 κατωτέρω
838 4713 979 4790 βιάζηται.
