4117 5617
518 554 740 611 DOCTRINAE
757 560 790 611 86
811 555 1052 620 [THEOPHRD.
1065 558 1162 614 SENS.
1176 562 1295 624 19-241.
1313 565 1413 617 87-92
1533 563 1592 623 103

340 745 409 795 ρους
432 719 506 796 έχειν
530 716 676 794 ἀοράτους
697 725 751 795 μέν
774 720 818 783 διά
840 719 1009 796 μικρότητα,
1031 725 1156 794 πυκνούς
1177 728 1208 786 δέ
1228 733 1277 785 καί
1299 727 1375 787 κατὰ
1398 741 1524 803 στοῖχον,
1545 737 1594 790 καί

338 804 483 879 aanor*
466 829 541 881 εχειν
558 807 731 883 τάδιαφανῆ
744 813 862 879 μᾶλλον
898 809 927 867 σί
943 811 996 880 μέν
1014 802 1066 871 ούν
1083 810 1131 870 ἐπί
1120 812 1228 870 ίτινων
1246 833 1322 871 ουτω
1334 810 1519 885 διώρισαν
1495 837 1593 888 ωσπερ

338 898 387 950 καί
402 886 447 960 Ἐ.,
465 892 500 951 06
510 892 604 964 μόνον
621 893 668 952 έπί
679 899 740 952 τών
753 892 918 953 ποιούντων
934 899 983 953 καί
994 893 1178 969 πασχόντων,
1196 895 1267 957 ἀλλὰ
1285 903 1335 957 καί
1351 901 1524 972 μείγνυσθαί
1541 923 1593 974 φη·

340 999 386 1036 σιν
403 981 452 1044 [ειο
462 973 533 1044 L]
515 999 594 1036 οσυν
620 978 649 1036 σί
672 970 763 1051 πόροι
785 975 943 1052 σύμμετροι
961 978 1039 1055 πρὸς
1060 975 1200 1054 ἀλλήλους
1217 984 1297 1041 είσιιί
1333 984 1453 1040 Ριτιυοε.
1472 985 1552 1041 adh
1571 1003 1593 1041 α

302 1070 317 1120 5
337 1063 576 1134 p.160‚3v1tell1
594 1056 764 1136 ἀναγκαῖον,
780 1066 860 1166 φησί,
878 1069 931 1122 τώι
942 1058 1127 1134 Ἐμπεδοκλεῖ
1141 1067 1234 1140 λέγειν
1251 1064 1326 1126 είναί
1342 1089 1406 1126 τινα
1424 1066 1529 1142 στερεὰ
1545 1075 1594 1127 καί

338 1143 489 1220 ἀδιαίρετα
511 1143 556 1248 616
574 1147 611 1205 τό
629 1148 667 1220 μὴ
686 1143 758 1207 εἶναι
780 1147 884 1222 πάντηι
906 1153 960 1209 τού
978 1146 1114 1219 σώματος
1131 1148 1242 1224 πόρους
1260 1161 1394 1225 συνεχεῖς.
1430 1159 1517 1212 τοῦτο
1536 1150 1593 1229 γὰρ

339 1228 494 1292 ἀδύνατον·
514 1229 609 1305 πόρος
625 1229 683 1305 γὰρ
701 1229 738 1292 ἀν
756 1230 798 1306 εἴη
816 1229 851 1290 τὸ
867 1237 928 1292 πᾶν
940 1239 1024 1304 σώμα
1042 1239 1092 1293 καί
1102 1256 1197 1294 κενον
1227 1231 1303 1296 ώστε
1321 1238 1349 1296 εί
1365 1243 1451 1296 τοῦτο
1470 1237 1594 1307 ἄτοπον,

338 1313 450 1391 ἀνάγκη
466 1313 502 1376 τὰ
525 1312 617 1419 μένι
600 1314 753 1387 απτόμενα
776 1313 866 1388 μόρια
889 1322 942 1376 τοῦ
960 1316 1097 1390 σώματος
1114 1317 1217 1395 στερείι
1244 1318 1316 1380 εἶναι
1333 1317 1491 1395 ἀδιαίρετα,
1509 1324 1545 1382 τὰ
1563 1325 1593 1382 δέ

337 1401 444 1472 μεταξύ
462 1396 559 1461 αύτών
574 1397 654 1469 κενά,
673 1397 722 1470 οὓς
739 1396 774 1460 Ἐ
792 1399 1083 1477 πόρουςέκάλεσεν.
1113 1402 1350 1473 ἰί).178,2”ισμεν
1367 1399 1462 1466 δέότι
1480 1408 1509 1466 οί
1527 1406 1594 1476 τούς

287 1495 316 1544 19
337 1484 449 1560 πόρους
466 1488 673 1558 ὑποτιθέμενοι
690 1481 725 1545 06
741 1483 844 1555 κενούς
859 1484 1031 1546 ὑπετίθεντο
1050 1486 1178 1556 τούτους,
1196 1485 1268 1549 ἀλλά
1290 1492 1530 1565 πεπληρωμένους
1548 1498 1593 1551 λε·
1618 1565 1620 1569 Ι

338 1574 571 1646 πτομερεστέρου
588 1573 668 1640 τινὸς
679 1568 816 1642 σώματος
834 1567 900 1630 οίον
911 1567 1009 1647 ἀέρος.
1039 1571 1136 1646 ταύτηι
1158 1573 1215 1650 γὰρ
1227 1575 1361 1651 διέφερον
1379 1582 1437 1634 τών
1454 1574 1489 1635 τὸ
1506 1574 1594 1636 κενόν

337 1656 564 1728 ἀποτιθεμένων.

441 1762 483 1814 88.
499 1759 574 1814 Am.
591 1759 712 1825 Ν14,1
731 1758 777 1822 (D.
789 1763 850 1824 495)
869 1763 935 1832 περὶ
952 1767 1156 1835 κατοπτρικῶν
1172 1757 1334 1834 ἐμφάσεων.
1368 1756 1404 1820 Ἐ
1416 1758 1482 1821 κατ’
1501 1758 1593 1835 ἀπορ·

339 1845 422 1916 ροίας
439 1840 491 1910 τὰς
508 1843 723 1912 συνισταμένας.
730 1844 784 1913 μέν
800 1841 848 1900 ἐπί
865 1847 915 1915 τῆς
926 1844 1096 1916 ἐπιφανείας
1112 1850 1165 1904 τοῦ
1179 1842 1356 1919 κατόπτρου
1375 1848 1546 1917 πιλουμένας
1563 1843 1591 1905 δ’

286 1925 350 1985 15
337 1926 394 1986 υπό
413 1948 466 1985 του
454 1927 683 2001 ἐκκρινομένου
699 1927 733 1986 έκ
750 1932 804 1987 τοῦ
814 1927 984 1999 κατόπτρου
1001 1926 1149 2004 πυρώδους
1166 1935 1215 1988 καί
1233 1928 1287 1988 τόν
1298 1933 1492 2005 προκείμενον
1510 1925 1592 2007 ἀέρα,

338 2004 417 2080 είς“
397 2034 434 2071 ον
450 2013 569 2088 φέρεται
587 2007 623 2072 τδι
642 2008 780 2087 ῥεύματα,
799 2015 1082 2086 συμμεταφέροντος.

441 2137 482 2189 99.
500 2133 597 2188 Am.
610 2140 715 2202 quaest„
727 2133 755 2188 11
766 2137 799 2188 23
816 2149 844 2203 p.
856 2137 898 2202 72,
911 2136 927 2187 9
944 2134 1035 2189 Βτυιιε
1052 2133 1241 2204 (probabiliter
1258 2135 1421 2206 eThoophr.
1433 2136 1517 2207 Phys.
1530 2135 1590 2204 Op.)

338 2221 405 2290 περί
421 2222 471 2290 τῆς
484 2212 651 2291 Ἡρακλείας
669 2219 754 2276 λίθου
771 2214 816 2275 διὰ
835 2219 864 2275 τί
880 2218 956 2276 έλκει
979 2215 1035 2276 τόν
1052 2222 1176 2292 σίδηρον.
1209 2215 1248 2277 Ἐ
1264 2219 1318 2289 μέν
1337 2229 1399 2287 ταῖς
1416 2221 1592 2292 ἀπορροίαις

338 2311 402 2370 ταῖς
420 2296 473 2362 ἀπ’
491 2297 667 2375 ἀμφοτέρων
691 2307 740 2360 καί
763 2311 824 2369 τοῖς
841 2299 947 2374 πόροις
967 2312 1031 2369 τοῖς
1057 2307 1107 2375 τῆς
1124 2305 1207 2360 λίθου
1233 2304 1405 2376 συμμέτροις
1423 2294 1503 2362 ούσιν
1529 2313 1592 2370 ταῖς

285 2394 316 2443 20
338 2382 398 2446 ἀπὸ
417 2407 469 2446 του
455 2383 597 2460 σιδηρου
614 2387 800 2462 τονσίδηρον
811 2386 954 2459 φέρεσθαι
971 2388 1047 2461 λέγει
1066 2382 1141 2459 πρός
1158 2408 1210 2455 την
1221 2389 1320 2445 λίθον
1340 2409 1369 2445 αι
1360 2387 1486 2458 μέν
1450 2410 1508 2461 γαρ
1526 2385 1592 2446 τού·

337 2493 391 2530 του
408 2466 568 2547 ἀπόρροιαι
585 2471 638 2532 τόν
661 2468 733 2545 ἀέρα
751 2472 806 2530 τδν
826 2470 874 2529 έπί
897 2482 960 2540 τοῖς
981 2477 1036 2530 τοῦ
1056 2469 1173 2544 σιδήρου
1195 2468 1300 2543 πόροις
1317 2465 1473 2531 ἀπωθοῦσί
1494 2476 1592 2532 τεκαὶ

336 2562 447 2616 κινοῦσι
463 2560 519 2614 τὸν
530 2551 830 2628 έπιπωματίζοντα’
795 2554 912 2625 αυτούς·
930 2553 1036 2615 τούτου
1054 2557 1083 2615 δέ
1093 2556 1292 2631 χωρισθέντος
1310 2553 1421 2629 ἀθρόαι
1432 2556 1593 2629 ἀπορροίαι

337 2642 453 2716 ρεούσηι
480 2639 534 2700 τόν
552 2644 669 2714 σίδηρον
691 2638 824 2700 έπεσθαι
847 2643 1018 2715 φερομένων
1040 2642 1071 2700 66
1088 2647 1148 2699 τών
1170 2634 1224 2700 ἀπ’
1247 2634 1337 2700 αύτοῦ
1358 2637 1529 2716 ἀπορροιών
1545 2640 1592 2699 ἐπὶ

337 2724 406 2795 τούς
423 2732 473 2799 τῆς
491 2730 575 2785 λίθου
587 2723 706 2798 πόρους,
724 2727 769 2785 διὰ
787 2748 822 2784 το
812 2722 1014 2798 συμμέτρους
1031 2748 1064 2785 τε
1082 2721 1181 2794 αύτοῐς
1199 2721 1271 2784 εἶναι
1288 2731 1338 2784 καί
1355 2723 1526 2798 ἐναρμόζειν
1543 2732 1591 2784 καί

282 2817 315 2868 25
336 2812 391 2870 τὸν
408 2814 527 2885 σίδηρον
544 2812 596 2870 σύν
613 2821 677 2880 ταῖς
694 2805 869 2886 ἀπορροίαις
886 2809 1009 2871 έπεσθαί
1025 2833 1059 2871 τε
1076 2815 1125 2869 καί
1142 2811 1283 2883 φέρεσθαι
1301 2812 1346 2877 [ef.
1364 2813 1400 2869 ad
1416 2812 1449 2869 fr.
1462 2817 1514 2878 91].

440 2935 482 2985 99.
499 2931 574 2987 Am.
585 2931 625 2986 IV
636 2936 661 2998 9,
674 2936 689 2986 6
707 2931 822 2999 411397)
840 2935 1026 3003 Παρμενίδης,
1042 2923 1088 2996 Ἐ.,
1100 2924 1298 3004 Ἀναξαγόρας,
1316 2929 1505 3002 Δημόκριτος,
1516 2924 1591 2989 Ἐπί-

338 3035 453 3086 κουρος,
466 3011 646 3088 Ἡρακλείδης
663 3013 742 3088 παρὰ
761 3016 814 3082 τοὶς
831 3017 1007 3086 συμμετρίας
1024 3019 1084 3072 τών
1101 3011 1204 3086 πόρων
1221 3012 1273 3081 τὰς
1290 3010 1365 3071 κατὰ
1383 3015 1471 3087 μέρος
1489 3013 1590 3087 αἰσθή-

337 3120 397 3168 σεις
422 3104 555 3174 γίνεσθαι
580 3105 633 3159 τοῦ
659 3100 769 3158 οἰκείου
794 3105 853 3158 τών
884 3099 1030 3172 αἰσθητῶν
1057 3096 1182 3157 έκάστου
1207 3095 1325 3171 έκάστηι
1350 3096 1590 3171 έναρμόττοντος.

337 3184 411 3242 Am.
429 3186 469 3241 IV
482 3190 551 3254 19,4
569 3187 615 3253 (Ι).
627 3190 687 3251 493)
703 3179 738 3243 Ἐ
756 3180 895 3254 καὶπρὸς
912 3182 948 3242 τὸ
967 3180 1011 3243 διὰ
1029 3189 1089 3242 τών
1110 3176 1240 3249 ἀκτίνωνι
1252 3188 1301 3241 καί
1323 3181 1399 3256 πρὸς
1416 3183 1450 3240 τό
1470 3181 1515 3241 διδι
1532 3189 1591 3240 τών

284 3278 315 3328 39
338 3269 463 3329 εἰδώλων
479 3269 601 3343 ἐκδοχοὶς
622 3271 777 3346 παρέχεται
800 3270 866 3335 [scil.
884 3274 944 3326 τών
969 3265 1102 3340 δρατών].
1138 3270 1254 3335 πλείους
1270 3268 1301 3326 δέ
1319 3268 1395 3339 πρός
1408 3267 1487 3339 (τό)
1500 3265 1591 3326 δεύτε-

339 3373 404 3429 ρον·
423 3353 476 3423 τὰς
491 3353 548 3429 γὰρ
567 3349 731 3430 ἀπορροίας
747 3355 928 3427 ἀποδέχεται.

441 3480 483 3532 91.
500 3477 601 3532 Αιιιετ.
620 3475 655 3531 δε
672 3490 754 3531 sensu
772 3480 796 3530 2
814 3475 905 3530 43799
923 3474 1050 3543 (de1gne
1067 3488 1102 3529 ex
1119 3471 1201 3527 oculo
1218 3471 1341 3537 saliente)
1360 3469 1476 3536 ἐκεινοις
1493 3464 1521 3526 δ
1540 3465 1589 3528 ού·

337 3558 389 3635 τός
406 3557 497 3619 αὑτὸν
515 3556 584 3635 όροῖι
602 3554 618 3618 6
638 3553 802 3630 ὀφθαλμός,
819 3553 920 3632 ώσπερ
936 3561 986 3615 καί
1002 3556 1035 3615 ἐν
1052 3562 1097 3629 τη“ι
1115 3550 1283 3623 ἀνακλάσει,
1299 3552 1411 3613 ἐπεί”
1380 3575 1405 3613 ει
1422 3576 1456 3628 γε
1474 3560 1531 3627 πῦρ
1548 3546 1591 3627 ἦν,

336 3641 473 3717 καθάπερ
489 3639 525 3704 Ε
537 3648 653 3718 φησί..
667 3646 741 3701 .καί
752 3642 902 3717 συνέβαινε
913 3639 948 3700 τὸ
962 3638 1038 3713 ὁρᾶν
1049 3633 1215 3708 ε’ξιόντος”
1191 3659 1290 3711 ωσπερ
1307 3638 1340 3698 ἐκ
1354 3644 1522 3710 λαμπτῆρος
1539 3643 1591 3697 τοῦ

284 3737 315 3786 95
337 3726 437 3808 φωτός
454 3730 497 3796 [fr.
509 3734 551 3797 84,
563 3735 598 3798 θ],
616 3725 660 3789 διὰ
679 3732 707 3787 τί
718 3748 753 3788 ου
743 3727 814 3786 καί
830 3727 862 3786 ἐν
879 3749 934 3790 τωι
945 3746 1045 3786 σκοτει
1056 3721 1167 3800 έωρα
1147 3746 1184 3784 αν
1200 3749 1217 3797 η
1232 3721 1316 3798 όψις;
1332 3725 1375 3780 In.
1387 3724 1423 3781 do
1434 3739 1496 3794 gen„
1509 3724 1591 3780 anim.

336 3817 524 3873 1117791115
548 3811 582 3874 τό
605 3816 661 3885 μέν
683 3804 735 3872 σύν
756 3805 972 3887 ύπολαμβάνειν
989 3812 1026 3870 τὰ
1048 3812 1101 3882 μέν
1118 3810 1227 3884 γλαυκὰ
1252 3816 1298 3878 [sc
1318 3806 1444 3879 ὄμματα]
1468 3805 1592 3880 πυρώδη,

336 3897 473 3973 καθάπερ
489 3894 525 3959 Ἐ
543 3919 636 3974 φησιν,
653 3896 737 3958 τάδέ
758 3898 867 3967 μέλανα
885 3903 986 3955 πλεῖον
1001 3887 1140 3961 ύδατος”
1124 3916 1199 3967 εχειν
1215 3920 1231 3967 η
1250 3893 1351 3969 πυρός,
1373 3898 1421 3952 καί
1438 3894 1484 3953 διά
1502 3898 1590 3952 τοῦτο

336 3986 374 4047 τά
390 4008 412 4058 μ
413 3982 561 4058 ένῆμέρας
580 3978 633 4043 ούκ
652 3978 700 4052 όξύ
711 3983 838 4057 βλέπειν,
855 3978 891 4040 τὰ
909 3978 1028 4054 γλαυκά,
1046 3975 1085 4037 δι’
1098 3977 1207 4037 ένδειαν
1218 3974 1330 4046 ύδοιτος,
1348 3975 1461 4048 θάτερα
1479 3979 1509 4035 δέ
1527 3974 1591 4035 νύκ·

337 4093 399 4147 τωρ
417 4064 455 4128 δι’
472 4068 582 4129 ἔνδειαν
598 4065 698 4142 πυρός,
720 4062 755 4126 ού
773 4067 885 4140 λέγεται
911 4071 1016 4133 καλῶς,
1040 4062 1121 4139 εἰπερ
1138 4065 1176 4136 μὴ
1195 4060 1287 4135 πυρὸς
1309 4058 1360 4136 τὴν
1385 4061 1455 4136 όψιν
1477 4061 1591 4127 θετέον,

284 4162 315 4212 40
336 4151 390 4216 ἀλλ
421 4148 525 4223 ύδατος
541 4158 637 4212 πᾶσιν.

441 4280 483 4331 92.
499 4275 596 4329 Pmo
613 4273 738 4342 Menop
751 4270 817 4326 760
841 4266 942 4327 Βούλει
959 4259 1011 4328 σύν
1029 4288 1076 4327 σοι
1097 4263 1172 4326 κατὰ
1194 4266 1322 4338 Γοργίαν
1340 4259 1546 4335 ἀποκρίνωμαι
1562 4284 1590 4334 ηι

337 4358 374 4420 ἀν
396 4381 431 4418 συ
452 4356 576 4430 μάλιστα
600 4351 828 4429 ἀκολουθησαις,·
846 4385 881 4395 -
898 4352 1057 4423 Βούλομαι
1081 4357 1143 4419 πώς
1166 4351 1222 4451 γὰρ
1246 4346 1344 4408 ού-
1308 4343 1472 4406 -Ούκοῦν
1494 4345 1591 4418 λέγετε

338 4441 490 4519 ἀπορροάς
506 4465 586 4510 τινας
603 4448 662 4500 τών
680 4440 776 4501 όντων
792 4460 869 4498 κατα
858 4433 1084 4508 Ἐμπεδοκλέα,·
1101 4469 1136 4478 -
1153 4432 1275 4509 Σφόδρα
1294 4453 1387 4507 γε.-
1353 4435 1463 4499 -Καί
1480 4427 1592 4503 πόρους

337 4526 425 4596 είς
396 4525 446 4597 σός
461 4532 511 4586 καί
529 4525 566 4586 δι’
584 4519 625 4585 ών
642 4521 708 4585 αἶ’
689 4522 848 4601 απόρροιαι
872 4520 1065 4598 πορεύονταις
1083 4553 1118 4564 -
1136 4518 1216 4580 Πάνυ
1233 4541 1328 4593 γε-
1293 4522 1403 4577 -Καί
1422 4521 1480 4576 τών
1497 4511 1590 4590 ἀπορ·

283 4621 314 4671 45
336 4618 417 4686 ροών
432 4613 486 4681 τὰς
502 4608 587 4682 μένι
572 4610 727 4686 αρμόττειν
743 4610 788 4670 ἐνί
776 4614 832 4678 ίοις
853 4613 913 4668 τών
929 4606 1041 4679 πόρων,
1063 4608 1115 4675 τὰς
1132 4608 1162 4666 66
1179 4602 1318 4672 ε’λάττους
1335 4629 1351 4676 η
1342 4601 1486 4673 ”μείζσυς
1503 4598 1590 4671 εἰναι,·

336 4729 372 4740 -
384 4696 461 4756 Εστι
479 4701 630 4755 ταῦτα-
595 4690 757 4755 -Ούκοῦν
778 4700 827 4754 καί
851 4691 922 4768 ὄψιν
942 4699 1040 4760 καλεῖς
1061 4712 1154 4758 τις-
1171 4689 1340 4764 Ἔγωγε-
1305 4684 1402 4745 -Ἐκ
1423 4689 1537 4746 τούτων
1558 4684 1589 4758 δη
