4117 5617
475 515 517 576 88
958 520 981 569 5.
999 513 1244 575 EMPEDOCLES

578 690 620 740 27.
644 685 748 740 Οισιιιο
760 684 796 740 ad
809 683 859 750 Qu.
871 683 904 738 fr.
916 683 945 738 11
957 688 1008 749 9,9
1026 683 1150 739 lametii
1170 686 1299 752 poemata
1315 684 1348 736 ιιδ
1364 680 1460 736 ⁸555
1476 681 1518 738 ῦίσ
1534 687 1614 741 eunt:
1635 684 1733 739 ιιιιιίίίι
1798 734 1806 749 ,

476 770 627 826 ίιυιιίιιλδιιι
649 769 762 839 ιἰιςιιιιλί,
786 769 888 824 multae
910 769 993 824 etiam
1015 767 1099 835 σκῦλα·
1121 769 1169 824 sed
1190 773 1260 836 (σωκ
1276 765 1396 831 venerio)
1417 765 1509 823 υιυυικ
1527 768 1683 838 διρκδσίισ,
1705 768 1732 823 ιῦ

476 856 606 912 Sallustii
622 854 804 924 Empedoclea
822 852 928 923 λιφιιῦι,
944 852 1079 907 hominem
1097 867 1153 906 ιιιιι
1165 851 1279 921 putabo,

578 1074 756 1129 Βοσιιιιιιιιι.

978 1139 1028 1194 De
1045 1137 1234 1209 principiiS.
1665 1213 1667 1216 y

578 1249 620 1300 28.
638 1244 737 1300 Sum.
754 1242 834 1314 phys.
846 1246 889 1310 25,
901 1245 933 1296 21
957 1245 984 1306 (e
1003 1239 1204 1309 Theophrasto)
1226 1247 1291 1309 post
1306 1241 1365 1295 A'l
1391 1232 1477 1308 ούτος
1493 1243 1524 1300 δὲ
1545 1239 1581 1302 τὰ
1604 1244 1658 1313 μὲν
1676 1264 1733 1302 σω·
1768 1302 1770 1306 ,

475 1329 582 1399 ματικόι
607 1338 736 1401 στοιχεῖα
759 1337 839 1386 ποιεῖ
859 1327 992 1399 τέτταρα,
1018 1329 1076 1398 πῦρ
1097 1329 1146 1381 καί
1169 1319 1243 1399 ἀέρα
1261 1329 1326 1382 καί
1332 1315 1409 1399 ῦδωρ
1424 1331 1475 1385 καί
1496 1332 1559 1401 γῆν,
1585 1322 1663 1387 ἀίδια
1680 1330 1735 1398 μὲν

477 1412 550 1473 όντα
568 1410 672 1482 πλήθει
688 1417 738 1471 καί
751 1403 906 1485 όλιγότητι,
909 1406 1144 1497 μεταβάλλοντα
1162 1410 1193 1468 δέ
1204 1406 1278 1467 κατὰ
1297 1405 1349 1482 τὴν
1362 1403 1509 1484 σύγκρισιν
1525 1417 1574 1472 καί
1585 1411 1733 1484 διάκρισιν,

476 1497 529 1568 τὰς
546 1501 576 1559 δὲ
594 1501 696 1574 ευρίως
709 1492 810 1594 ἀργός,
826 1491 879 1569 ὑφ’
898 1517 940 1552 ων
950 1505 1072 1554 κινειται
1090 1499 1189 1562 ταῦτα,
1208 1497 1313 1552 Φιλίαν
1329 1499 1378 1552 καί
1390 1501 1504 1565 Νεικσς
1540 1502 1584 1557 δεῖ
1599 1497 1656 1571 γάρ
1674 1505 1733 1557 δια-

448 1591 463 1640 5
476 1592 569 1645 τελειν
585 1583 710 1653 ἐναλλὰξ
724 1574 879 1652 κινούμενα
900 1577 1088 1651 τὰστοιχεῖα,
1106 1579 1179 1637 ποτὲ
1194 1577 1281 1649 μέν
1265 1575 1323 1637 υπὸ
1343 1585 1393 1653 τῆς
1405 1578 1506 1650 Φιλιάς
1518 1580 1736 1655 συγκτινόμενα,

476 1672 550 1730 ποτὲ
569 1665 628 1730 δὲι
615 1666 673 1729 υπὸ
696 1673 750 1726 τοῦ
771 1670 895 1734 Νείκους
917 1661 1135 1738 διακρινόμενα
1159 1654 1236 1722 όστε
1257 1668 1306 1721 καί
1329 1662 1361 1732 ἓξ
1382 1662 1454 1724 εἶναι
1476 1661 1545 1725 κατ’
1568 1665 1660 1727 αὐτόν
1682 1665 1736 1737 τὰς

476 1750 578 1830 ἀρχάς.
613 1759 663 1812 καί
678 1748 736 1829 γὰρ
750 1743 826 1811 όπσυ
843 1752 896 1822 μὲν
913 1746 1064 1824 ποιητικὴν
1080 1753 1176 1807 δίδωσι
1188 1748 1306 1819 δύναμιν
1323 1755 1376 1808 τιῦι
1394 1753 1491 1810 Νείκει
1508 1756 1558 1811 καί
1574 1759 1619 1827 τῆι
1639 1757 1736 1812 Φιλίαι

478 1863 551 1901 οταν
562 1835 655 1914 λέγηι
664 1837 838 1899 ἀλλοτε-
850 1831 963 1910 ἔχθεά
983 1836 1026 1903 [fr.
1041 1841 1084 1902 17,
1093 1841 1118 1890 7.
1131 1839 1157 1901 8]
1169 1834 1284 1892 ποτὲδ
1295 1844 1356 1902 τοις
1368 1831 1552 1909 τέτταρσιν
1531 1859 1571 1904 ως
1583 1835 1736 1912 ίσοστοιχα

478 1919 626 1987 συντάττει
643 1929 693 1983 καί
711 1928 801 1982 ταῦτα
821 1943 895 1982 οταν
911 1922 988 1995 λέγηι
1002 1916 1150 1977 το-τὲ
1116 1919 1296 1986 -πλάτος
1314 1939 1353 1977 τε
1358 1913 1425 1985 ’.[ίι
1440 1926 1480 1988 17,
1494 1926 1614 1988 17—201.

427 2048 455 2098 10
580 2051 621 2101 29.
638 2047 735 2101 Ριιιο
754 2043 839 2112 Soph.
851 2046 901 2096 242
912 2040 961 2097 OD
988 2035 1086 2110 μῦθόν
1112 2059 1175 2096 τινα
1203 2034 1327 2106 ἕκαστος
1350 2042 1487 2112 φαίνεταί
1509 2062 1560 2112 μοι
1577 2049 1736 2116 διηγεῖσθαι

477 2125 615 2189 πιιισίνι
594 2151 634 2196 ως
652 2122 733 2188 σύσιν
744 2129 820 2200 ἡμῖν,
840 2118 987 2196 5‘15505
1003 2125 1071 2196 τρία
1090 2122 1126 2183 τά
1146 2119 1227 2190 ὄντα,
1245 2128 1367 2193 πολεμεῖ
1383 2125 1413 2184 δὲ
1425 2119 1557 2227 ἀλλήλοις
1573 2126 1668 2186 ἐνίοτε
1686 2124 1735 2187 αύ-

477 2220 537 2273 τιῦν
555 2213 627 2275 ἀττιι
646 2236 705 2288 πηι,
722 2215 792 2272 τοτὲ
810 2213 840 2271 δὲ
857 2214 907 2269 καί
925 2212 995 2280 φίλα
1013 2204 1171 2281 γιγνόμενα
1192 2199 1303 2280 γάμους
1320 2214 1419 2267 τεκαὶ
1436 2207 1541 2279 τόκους
1557 2218 1606 2270 καὶ
1623 2210 1737 2286 τροφὰς
1791 2261 1795 2266 .

477 2305 537 2358 τῶν
553 2296 685 2373 ἐκγόνων
702 2298 861 2402 παρέχεται
881 2295 1014 2365 [inprimis
1031 2294 1206 2366 Pherecydes
1223 2295 1363 2365 tangimrl.
1399 2291 1448 2353 δύο
1473 2298 1503 2356 δὲ
1520 2295 1665 2371 έτερος’
1637 2298 1736 2367 ειιιιόν,

476 2379 569 2458 ῦγρὸν
586 2390 635 2443 καί
653 2379 776 2486 ξηρδν”
757 2408 773 2455 η
793 2381 911 2455 θερμὸν
923 2384 972 2437 καί
990 2376 1114 2451 ψυχρόν,
1138 2381 1293 2447 συνοικίζει
1315 2399 1347 2437 τε
1366 2373 1438 2438 αύτά
1456 2387 1505 2440 καὶ
1522 2381 1653 2442 ἐκδίδωσι
1671 2387 1737 2451 [Ar-

427 2474 455 2524 15
476 2470 604 2527 ohelaus?
605 2474 624 2533 ].
653 2465 689 2526 τὸ
708 2469 738 2526 δὲ
755 2460 828 2538 παρ’
840 2462 921 2537 ἢμιῦν
930 2457 1095 2522 Ἐλεατικὸν
1107 2459 1202 2532 ἔθνος,
1220 2455 1280 2521 ἀπὸ
1294 2463 1482 2538 Ξενοφάνους
1499 2488 1531 2526 τε
1541 2466 1625 2527 καί
1609 2491 1650 2529 ετι
1662 2471 1736 2544 πρό-

478 2561 551 2614 σθεν
569 2547 733 2628 ἀρξάμενον
753 2553 799 2620 [ab
817 2551 959 2623 Orphieis],
978 2543 1018 2615 ὡς
1036 2544 1140 2615 ἑνός’
1122 2569 1209 2616 σντος
1230 2553 1290 2606 τιῦν
1313 2546 1433 2610 πάντων
1455 2549 1686 2623 καλουμένων(
1658 2549 1736 2615 οῦτω

477 2641 649 2715 διεξέρχεται
667 2648 729 2705 ταῖς
746 2630 859 2708 μύθοις,
893 2629 978 2702 Ἰἀδες
994 2634 1025 2692 δὲ
1029 2638 1092 2737 am
1110 2636 1231 2692 Σικελαί
1248 2654 1323 2704 τινες
1339 2627 1464 2711 ύστερσν
1481 2643 1622 2698 Μοῦσαι
1641 2642 1736 2708 [Hera-

478 2725 557 2782 clitus
575 2733 604 2781 ot
613 2725 805 2796 Empedocles]
825 2710 1046 2794 ξυνενόησαν,“
1027 2741 1073 2778 στι
1088 2720 1259 2789 συμπλέκειν
1277 2714 1537 2793 ἀσφαλέστατον’
1517 2722 1669 2799 αμφότερα
1687 2729 1737 2784 καί

477 2811 578 2884 λέγειν,
595 2807 641 2877 ιός
658 2807 699 2868 τό
718 2806 758 2867 όν
775 2804 890 2867 πολλά
908 2828 945 2866 τε
969 2810 1030 2865 καί
1047 2803 1083 2864 έν
1099 2804 1210 2876 ἔστιν,
1228 2803 1355 2880 έχθραι
1372 2809 1417 2867 δὲ
1430 2813 1486 2867 καλ
1503 2818 1617 2883 φιλίαι
1635 2816 1735 2873 συνέ-

426 2898 456 2949 20
476 2917 584 2969 χεται.
620 2892 832 2970 διαφερόμενον
849 2893 908 2968 γάρ
925 2887 972 2952 ἀεί
989 2892 1171 2964 ξυμφέρεται,
1189 2895 1277 2964 φασίν
1300 2891 1330 2950 αί
1347 2890 1560 2967 συκτονιύτεραι
1577 2901 1637 2954 τιῦν
1655 2903 1737 2957 Mov-

479 2987 548 3040 σῶν.
585 2982 619 3040 αἱ
637 2983 671 3040 δέ
686 2977 942 3052 μαλακώτεραι
959 2974 1000 3037 τὸ
1017 2979 1086 3048 μέν
1103 2972 1158 3036 ἀεί
1176 2971 1281 3035 ταῦθ’
1300 2969 1412 3046 ούτως
1430 2974 1524 3052 ἔχειν
1540 2979 1738 3056 έχάλασαν,

478 3064 516 3124 έν
532 3067 687 3140 μερειδ
704 3066 826 3136 τοτὲμ
774 3058 1033 3124 ὲέίνένείνα
1020 3058 1197 3135 φασιτο
1217 3082 1286 3120 παν
1302 3059 1560 3134 καίφίλονοτ
1575 3064 1736 3138 Ἄφροδί-

482 3173 553 3225 της,
570 3148 657 3210 τότε
674 3153 708 3210 δέ
725 3087 835 3209 πολλμόι
853 3153 912 3207 καί
928 3148 1107 3219 πολέμιον
1124 3141 1212 3206 αύτὸ
1231 3141 1341 3206 αῦτιῦι
1358 3149 1412 3207 διὰ
1431 3148 1563 3221 Νεῖκός
1581 3175 1621 3211 τι.

582 3277 625 3326 30.
642 3271 841 3328 Ρειιιιιοιιιιι.
859 3270 988 3326 stromat.
1009 3284 1053 3336 ap.
1073 3267 1140 3323 Eus.
1156 3267 1188 3322 P.
1200 3267 1233 3322 E.
1250 3266 1346 3335 1510
1366 3268 1411 3334 [D.
1425 3274 1473 3325 582
1493 3287 1527 3326 ex
1546 3271 1737 3341 Theophrasto

428 3356 458 3407 25
479 3364 511 3412 ut
528 3361 560 3412 31
571 3363 641 3428 sqq]
658 3352 694 3416 ’ίλ
715 3350 964 3430 δἈκραγαντῖνος
981 3362 1111 3425 στοιχεῖα
1123 3353 1261 3426 τέσσαρα
1278 3356 1335 3423 πῦρ
1353 3343 1430 3424 ύδωρ
1448 3355 1552 3428 αἰθέρα
1569 3365 1665 3428 γαῖαν.
1694 3359 1737 3415 αι’·

480 3444 547 3500 τίαν
564 3443 594 3501 δὲ
612 3439 725 3500 τούτων
743 3444 847 3500 Φιλίαν
863 3444 913 3497 καί
930 3445 1046 3505 Νεῖκος.
1081 3438 1115 3496 ἐκ
1132 3434 1250 3514 πρώτης
1267 3441 1337 3511 φησί
1354 3443 1404 3540 τῆς
1421 3444 1480 3496 τῶν
1498 3443 1650 3513 στοιχείων
1666 3440 1737 3516 κρά·

480 3543 555 3589 σεως
571 3518 772 3595 ἀποκριθέντα
796 3518 850 3580 τὸν
872 3516 945 3590 ἀέρα
968 3525 1156 3592 περιχυθῆναι
1178 3517 1286 3579 κόκλω·
1309 3517 1383 3592 μετόι
1407 3524 1437 3582 δὲ
1459 3520 1513 3582 τὸν
1531 3525 1603 3599 ἀέρα
1626 3524 1661 3583 τό
1679 3530 1737 3597 πῦρ

480 3604 626 3683 έκδραμὸν
643 3613 691 3666 καί
710 3601 764 3667 οῦκ
781 3604 850 3679 ἔχον
872 3604 917 3665 έτέ
919 3626 974 3678 ραν
990 3597 1092 3678 χιύραν
1114 3601 1176 3663 ἀνω
1193 3603 1374 3678 5mp5yeav‘
1360 3607 1418 3666 υπό
1438 3614 1492 3667 τοῦ
1508 3614 1575 3685 περί
1592 3606 1646 3669 τὸν
1663 3607 1737 3687 ἀέρα

481 3692 585 3766 πάγου.
622 3690 695 3752 εἶναι
714 3694 743 3751 δὲ
760 3693 866 3751 κύκλωι
889 3695 957 3764 περί
974 3686 1027 3764 τὴν
1047 3694 1102 3764 γῆν
1119 3687 1269 3761 φερόμενα
1294 3689 1343 3751 δύο
1367 3688 1538 3767 ἧμισφαίρια
1563 3716 1598 3753 το
1589 3693 1669 3767 μέν
1686 3719 1738 3755 κα-

429 3777 459 3827 30
480 3776 575 3836 θόλου
593 3775 692 3852 πυρός,
710 3774 745 3836 τὸ
763 3779 793 3837 δὲ
804 3773 908 3848 μικτόν
924 3769 1008 3845 έξ’έ
973 3800 991 3835 α
1009 3795 1062 3849 ρος
1078 3779 1126 3833 καὶ
1146 3769 1248 3849 όλίγου
1259 3775 1360 3851 πυρός,
1379 3773 1453 3853 ὅπερ
1471 3777 1608 3839 οἴεται
1580 3802 1632 3854 την
1649 3780 1738 3842 νύκτα

482 3860 563 3923 εἶναι.
600 3858 652 3935 τὴν
669 3857 735 3922 δέ’
717 3859 809 3936 αρχὴν
826 3867 876 3936 τῆς
897 3863 1038 3934 κινήσεως
1062 3865 1204 3935 συμβῆναι
1225 3855 1286 3920 ἀπὸ
1311 3867 1365 3921 τοῦ
1388 3866 1569 3939 τετυχηκέναι
1590 3867 1666 3925 κατὰ
1684 3866 1739 3926 τὸν

482 3943 648 4022 ἀθροισμὸν
664 3947 869 4024 έπιβρίσαντσς
890 3953 943 4007 τοῦ
965 3944 1057 4021 πυρός
1080 3947 1107 4013 [l.
1125 3943 1282 4019 ἐπιβρῖσάν
1304 3968 1378 4008 ποτε
1401 3948 1436 4008 τό
1460 3956 1536 4023 πῦρ].
1573 3946 1589 4008 5
1607 3953 1638 4011 δέ
1659 3948 1738 4024 ἥλιος

481 4028 534 4105 τὴν
551 4025 637 4105 φύσιν
655 4027 708 4092 οῦκ
725 4031 785 4092 ἔστι
802 4037 868 4106 πῦρ,
886 4027 959 4093 ἀλλὰ
978 4037 1031 4091 τοῦ
1048 4027 1141 4105 πυρός
1162 4025 1374 4101 ἀνιανάκλασις
1395 4029 1484 4106 όμοία
1501 4041 1546 4108 τηί
1563 4031 1617 4109 ἀφ’
1633 4028 1739 4108 ῦδατσς

481 4119 635 4191 γινομένηι.
664 4115 783 4192 σελήνην
800 4120 829 4177 δι’
841 4139 927 4192 φησιν
939 4122 1075 4191 συστῆναι
1092 4109 1164 4175 καθ’
1177 4114 1281 4190 ἑαυτήν
1297 4117 1330 4176 ἐκ
1347 4140 1399 4178 του
1387 4114 1670 4193 ἀποληφθέντος’
1650 4125 1739 4197 αέρος

430 4198 493 4251 35
481 4200 538 4261 υπὸ
557 4208 611 4261 τοῦ
628 4200 727 4277 πυρός.
763 4207 870 4261 τοῦτον
887 4203 944 4276 γὰρ
967 4206 1093 4275 παγῆναι
1110 4198 1249 4275 καθάπερ
1266 4207 1315 4260 καί
1333 4204 1385 4276 τὴν
1400 4201 1476 4276 χάλα
1459 4210 1540 4275 αζαν.
1575 4207 1610 4265 τδ
1628 4210 1659 4267 δέ
1676 4233 1739 4283 φως

483 4283 571 4360 αὐτὴν
589 4285 664 4360 ἔχειν
682 4285 742 4348 ἀπὸ
766 4293 819 4346 τοῦ
843 4283 933 4359 ἢλίσυ.
968 4282 1004 4345 τὸ
1024 4280 1091 4344 δέί
1077 4281 1252 4358 ηγεμονικὸν
1270 4284 1337 4346 οὔτε
1355 4287 1387 4346 έν
1407 4295 1528 4364 κεφαλῆι
1547 4288 1614 4350 οῦτε
1631 4291 1663 4350 έν
1681 4288 1739 4352 θαύ-

484 4395 558 4450 ρακι,
577 4367 643 4432 ἀλλ’
660 4371 742 4431 55⁰
710 4394 818 4443 αιματι.
856 4368 929 4431 ὅθεν
945 4364 1018 4429 καθ’
1038 4363 1083 4428 ότι
1101 4367 1138 4429 ἀν
1154 4371 1244 4443 μέρος
1261 4376 1315 4430 τοῦ
1333 4369 1468 4444 σώματος
1485 4368 1621 4435 πλεῖον
1603 4401 1630 4450 ηι
1648 4399 1738 4454 παρε·

484 4459 651 4530 σπαρμένον
668 4454 745 4524 (τό
732 4458 907 4531 ηγεμονικδν
924 4454 1034 4523 οἴεται),
1055 4477 1110 4513 κατ
1115 4450 1238 4513 έκεῖνο
1256 4469 1411 4533 προτερεῖν
1428 4460 1496 4526 τούς
1513 4453 1697 4531 ἀνθρώπους.

585 4576 970 4641 31.H1121›05.Ref.1311).
983 4578 1043 4644 558]
1073 4568 1109 4632 Έ.
1127 4575 1157 4634 δὲ
1181 4572 1255 4645 μετὰ
1282 4573 1402 4644 τούτους
1420 4579 1627 4651 [Pythagoreos]
1654 4577 1737 4654 γενό·
1757 4596 1771 4647 1

431 4661 461 4710 40
482 4683 570 4732 μενος
586 4666 635 4719 καί
659 4666 724 4736 περί
742 4664 889 4733 δαιμόνων
910 4657 1024 4734 φύσεως
1047 4656 1109 4718 εἶπε
1127 4661 1229 4728 πολλά,
1253 4655 1293 4729 (ῦς
1315 4656 1548 4739 ἀναστρέφονται
1564 4670 1739 4743 διοικοῦντες
