4117 5617
616 539 655 595 A.
672 539 773 595 TEST.
790 540 909 596 VITAE
925 545 968 596 27.
1002 540 1216 598 DOCTRINAE
1233 545 1343 598 28-35.
1565 545 1606 604 89

353 707 390 767 τά
407 704 483 767 κατὰ
507 708 561 782 τῆν
582 712 643 782 γῆν,
663 705 745 776 ὄντες
761 714 900 768 πλεῖστοι.
936 699 1023 778 ουτος
1040 705 1092 783 τῆν
1109 714 1163 768 τοῦ
1185 705 1340 777 παντὸς
1320 708 1413 785 αρχῆν
1430 719 1536 781 Νεῖκος
1557 719 1607 772 καί

283 787 286 792 ’
353 788 492 852 Φιλίαν”
476 814 530 867 εφη
546 799 594 851 καί
611 791 647 852 τὸ
666 800 716 865 τῆς
726 792 854 865 μονάδος
871 791 976 869 νοερὸν
993 799 1051 869 πῦρ
1069 791 1208 854 τὸνθεόν
1224 800 1274 854 καί
1286 794 1453 856 συνεστάναι
1470 797 1504 857 έκ
1516 801 1608 874 πυρός

353 870 389 934 τά
408 872 504 936 πάντα
521 883 571 936 καί
589 881 629 946 είς
646 885 704 953 πῦρ
721 876 963 953 άναλυθῆσεσθαι.
993 870 1029 937 ῶι
1046 876 1151 954 σχεδὸν
1167 884 1217 938 καί
1235 880 1263 939 σί
1281 886 1407 940 Στωικοί
1425 888 1607 944 συντίθενται

354 958 476 1034 δόγματι
494 961 657 1037 ἐκπύρωσιν
679 970 900 1038 προσδοκῶντες
966 962 1091 1036 μάλιστα
1111 965 1141 1024 δέ
1158 962 1277 1024 πάντων
1299 972 1543 1041 συγκατατίθεται
1560 993 1605 1041 τηι
1624 975 1640 1024 2

322 1047 612 1119 ὅμετενσωματῶσει
636 1042 729 1118 οὕτως
755 1045 894 1108 είτιοίνι
875 1070 1000 1123 ητοι-
1012 1047 1125 1124 ἰχθῦς
1144 1052 1186 1117 [fr.
1204 1057 1272 1120 1171.
1343 1043 1429 1122 οὗτος
1452 1051 1548 1122 πάσας
1565 1053 1638 1123 είςθ

352 1130 450 1192 πάντα
467 1131 502 1193 τά
522 1138 594 1204 ζῶια
611 1133 817 1205 μεταλλάττειν
834 1131 896 1194 είπε
913 1132 966 1203 τάς
984 1132 1086 1208 φυγάς.
1121 1132 1244 1209 καὶγὰρ
1272 1132 1288 1196 6
1307 1138 1420 1197 τούτων
1437 1137 1608 1207 διδάσκαλος

353 1216 531 1293 Πυθαγόρας
547 1215 601 1293 ἔφη
618 1217 723 1279 ἑαυτὸν
740 1220 900 1295 Εὔφορβον
916 1223 1067 1295 γεγονέναι
1084 1217 1138 1279 τὸν
1155 1220 1203 1280 έπί
1218 1220 1301 1280 Ἰλιον
1313 1225 1533 1299 στρατεύσαντα
1551 1224 1607 1296 φά-

355 1326 434 1364 σκων
450 1302 650 1380 ἐπιγινώσκειν
666 1307 720 1379 τῆν
736 1301 854 1365 άσπίδα.

457 1430 497 1480 32.
514 1425 590 1480 Am.
606 1426 658 1492 17,
674 1430 707 1483 28
732 1426 776 1492 [D.
790 1432 839 1482 363
857 1427 892 1483 of.
910 1426 986 1483 stob.
1003 1426 1018 1480 1
1035 1432 1077 1494 35,
1095 1431 1125 1482 11
1138 1427 1190 1491 W.]
1213 1420 1418 1501 (Ἐμπεδοκλῆς
1440 1436 1609 1504 σφαιροειδῆ

301 1510 330 1561 10
353 1514 404 1569 καί
421 1506 515 1569 άίδιον
532 1514 581 1568 καί
600 1507 737 1584 α’κίνητον
754 1512 788 1570 τδ
808 1509 853 1577 έν)
871 1515 922 1569 καί
939 1512 974 1570 τό
993 1512 1047 1582 μέν
1064 1507 1096 1569 έν
1114 1507 1166 1584 τῆν
1182 1507 1318 1586 άνάγκην,
1336 1507 1404 1586 ὕλην
1421 1515 1450 1573 δέ
1468 1510 1554 1587 αὐτῆς
1570 1516 1608 1576 τά

355 1595 478 1669 τέτταρα
498 1605 636 1668 στοιχεῖα,
653 1594 712 1670 εἴδη
729 1597 759 1656 δὲ
775 1596 811 1656 τό
827 1602 933 1664 Νεῖκος
949 1601 999 1654 καὶ
1016 1592 1069 1669 τῆν
1082 1597 1195 1654 Φιλίαν.
1224 1598 1299 1669 λέγει
1317 1599 1347 1657 δὲ
1363 1597 1460 1659 καὶτὰ
1478 1613 1607 1674 στοιχεῖα

352 1678 441 1749 θεοὺς
458 1685 507 1740 καί
524 1678 560 1740 τὸ
577 1691 668 1756 μῖγμα
687 1679 800 1740 τούτων
818 1683 872 1741 τόν
887 1684 1004 1753 κόσμον
1019 1687 1069 1740 καί
1090 1681 1166 1756 πρός
1184 1679 1317 1753 τ<οότοις
1334 1679 1388 1742 τὸν
1406 1690 1550 1758 Σφαῖρον,
1567 1687 1608 1755 είς

354 1759 390 1824 όν
402 1763 498 1824 πάντα
510 1761 608 1832 ταῦτ>’
620 1764 841 1838 άναλυθῆσεται,
859 1766 894 1826 τὸ
907 1768 1064 1837 μονοειδές.
1093 1771 1143 1825 καί
1160 1769 1244 1835 θείας
1259 1768 1313 1837 μὲν
1325 1765 1417 1828 οἴεται
1434 1770 1487 1838 τάς
1504 1764 1607 1844 ψυχάς,
1697 1823 1700 1828 .

354 1854 455 1918 θείους
472 1852 502 1910 δέ
520 1856 570 1911 καί
587 1849 656 1919 τοὺς
672 1853 849 1926 μετέχοντας
866 1850 963 1911 αὐτῶν
979 1848 1130 1927 καθαροὺς
1146 1859 1295 1927 καθαρῶς.

301 1987 330 2037 15
456 1976 497 2028 33.
514 1975 589 2030 Am.
601 1973 616 2027 1
627 1977 652 2040 3,
664 1978 697 2028 26
716 1972 761 2040 [D.
774 1978 835 2039 287]
856 1966 902 2042 ‘E.,
920 1975 1062 2040 Μέτωνος
1079 1967 1298 2046 Ἀκραγαντῖνος
1321 1975 1445 2045 τέτταρα
1462 1976 1516 2046 μέν
1533 1976 1608 2048 λέγει

352 2069 492 2132 στοιχεῖα,
509 2065 566 2134 πῦρ
584 2056 659 2130 άέρα
675 2052 752 2132 ὕδωρ
769 2064 830 2133 γῆν.
848 2057 898 2118 δόο
917 2061 948 2119 δὲ
959 2053 1084 2136 άρχικάς
1106 2056 1244 2129 δυνάμεις,
1263 2063 1367 2118 Φιλίαν
1384 2081 1416 2119 τε
1432 2057 1481 2119 καί
1493 2067 1607 2129 Νεῖκος,

353 2137 395 2203 ὧν
416 2141 433 2217 ῆ
456 2146 510 2217 μέν
532 2145 611 2205 έστιν
632 2144 762 2217 ένωτικῆ,
784 2142 819 2204 τὸ
844 2147 873 2205 δέ
895 2141 1078 2219 διαιρετικόν.
1117 2149 1185 2217 φησί
1206 2146 1237 2203 δέ
1259 2137 1365 2213 οὕτως·
1391 2143 1608 2218 ’τέσσαρα-

352 2225 535 2306 βρότειον’
555 2232 597 2298 [fr.
609 2237 644 2298 61.
671 2235 711 2290 Δί
718 2253 736 2288 α
753 2226 876 2304 μὲνγὰρ
888 2231 962 2304 λέγει
974 2228 1026 2302 τῆν
1038 2230 1115 2300 ζέσιν
1131 2234 1181 2287 καί
1198 2230 1251 2288 τδν
1263 2231 1376 2302 αἰθέρα,
1387 2224 1490 2303 Ἥρην
1507 2234 1537 2290 δέ
1549 2250 1608 2302 φε-

354 2309 1066 2391 ρέσβιοντὸνάέρα,τῆνδέγῆντὸν’.4ιδωνέα·
1081 2312 1608 2390 Νῆστινδέκαίκροόνωμαβρό·

300 2414 331 2464 26
353 2423 455 2462 τειον
467 2403 557 2461 οίονεί
575 2399 610 2461 τὸ
624 2403 738 2474 σπέρμα
755 2407 804 2460 καί
821 2401 856 2461 τό
870 2396 954 2477 ὕδωρ.
981 2403 1109 2472 Allegor.
1121 2401 1194 2458 hom.
1206 2404 1296 2472 scn‘pt.
1315 2403 1387 2470 (fort.
1399 2401 1545 2467 Plutarch.)
1564 2418 1608 2470 ap.

353 2489 431 2546 stob.
442 2490 500 2545 1301.
511 2490 526 2544 I
540 2495 580 2557 10,
594 2490 639 2544 111’
656 2505 684 2558 p.
698 2490 796 2546 121W.
815 2489 859 2555 (cf.
870 2489 943 2545 Plut.
956 2489 1012 2544 vit.
1025 2489 1107 2544 Hom.
1120 2491 1164 2555 99)
1181 2481 1217 2545 '61
1236 2491 1300 2550 Δία
1317 2488 1371 2556 μέν
1382 2489 1456 2560 λέγει
1468 2482 1520 2558 τῆν
1531 2487 1609 2556 ζέσιν

351 2574 438 2645 (καί)
452 2569 506 2632 τὸν
518 2575 632 2677 αἰθέρα,
642 2567 745 2649 Ἥρην
761 2575 792 2633 δ
803 2574 963 2647 φερέσβιον
982 2569 1035 2645 τὴν
1052 2577 1113 2645 γῆν,
1131 2567 1205 2648 άέρα
1223 2574 1253 2632 δὲ
1265 2568 1319 2631 τὸν
1330 2567 1463 2631 Ἀιδωνέ
1470 2595 1498 2640 α
1514 2568 1609 2643 έπειδῆ

355 2665 418 2733 φῶς
437 2657 546 2718 οἰκεῖον
566 2654 619 2718 οόκ
636 2655 704 2730 ἔχει,
722 2653 826 2719 άλλά
812 2655 869 2719 υπδ
887 2655 970 2731 ῆλίου
987 2663 1036 2716 καί
1048 2657 1165 2730 σελήνης
1181 2654 1268 2715 καί
1248 2678 1365 2729 αστρων
1381 2655 1608 2728 καταλάμπεται,

355 2749 506 2817 Νῆστιν
532 2745 562 2804 δέ
591 2749 640 2802 καί
670 2741 860 2851 κρούνωμα
886 2741 1058 2819 βρότειον
1090 2741 1124 2800 τό
1158 2742 1273 2816 σπέρμα
1305 2746 1355 2800 καί
1380 2740 1415 2801 τό
1442 2733 1528 2817 ῦδωρ.
1574 2741 1609 2801 έκ

300 2840 332 2890 25
356 2828 508 2902 τεσσάρων
526 2822 578 2889 οὖν
591 2833 744 2902 στοιχείων
760 2826 795 2888 τὸ
813 2834 881 2895 πᾶν,
899 2833 950 2902 τῆς
961 2825 1074 2887 τούτων
1091 2827 1205 2901 φόσεως
1221 2825 1253 2894 ἐξ
1268 2825 1410 2931 ἐναντίοιν
1421 2819 1609 2930 συνεστώσης,

357 2911 515 2990 ξηρότητός
532 2936 564 2974 τε
581 2911 665 2974 καίι
650 2911 811 2989 νγρότητος
826 2919 876 2972 καὶ
898 2910 1081 2987 θερμότητος
1102 2916 1152 2972 καί
1174 2908 1364 2985 ψυχρότητος,
1386 2907 1443 2971 ῦπδ
1467 2917 1517 2984 τῆς
1533 2909 1609 2987 πρὸς
1658 2988 1660 2993 Ι

354 2999 462 3075 άλληλα
482 2997 643 3074 άναλογίας
665 3006 714 3059 καί
735 2999 867 3072 κράσεως
883 3000 1151 3073 έναπεργαζομένης
1173 2995 1208 3057 τὸ
1233 3003 1292 3055 πᾶν
1308 3002 1356 3056 καί
1374 2996 1540 3071 μεταβολάς
1556 2999 1610 3068 μὲν

355 3081 476 3158 μερικάς
493 3083 696 3159 ῦπομενοάσης
713 3092 766 3145 τοῦ
783 3087 813 3146 δέ
830 3082 941 3152 παντὸς
958 3083 1039 3143 λῦσιν
1055 3107 1093 3157 μη
1080 3081 1313 3156 ἐπιδεχομένης
1349 3085 1423 3155 λέγει
1440 3083 1498 3156 γάρ
1517 3074 1610 3150 οὕτως

353 3165 541 3231 άλλοτε-
507 3166 667 3243 -έχθει’
686 3173 728 3240 [fr.
742 3179 782 3239 11,
800 3177 824 3228 7.
838 3176 871 3236 3].
907 3172 1026 3226 Ητεεοτ.
1048 3170 1109 3226 Βοί.
1127 3170 1230 3226 V1129
1247 3178 1313 3239 post
1328 3169 1452 3235 fr6[ex
1470 3169 1609 3224 Plutaroh1

300 3265 331 3315 30
353 3258 623 3364 Εωραᾱοοίοίεί,οί.
635 3260 822 3330 V20p.144,
836 3263 877 3323 13]
897 3247 1312 3329 ΖευςέστιτοπυρἩρηδέ
1324 3250 1555 3358 φερέσβιοςῆ
1573 3258 1610 3328 γῆ

355 3339 515 3420 ῆφέρουσα
532 3341 601 3412 τοῦς
618 3341 686 3412 τοὺς
698 3344 775 3447 πρός
791 3342 846 3403 τὸν
864 3347 934 3419 βίον
945 3338 1084 3416 καρποός,
1101 3334 1274 3407 Ἀιδωνεὺς
1291 3334 1354 3398 δέ(
1339 3361 1355 3397 ο
1373 3335 1438 3412 άῆρ,
1457 3329 1503 3397 ότι
1514 3337 1609 3397 πάντα

355 3423 394 3486 δι’
412 3423 502 3488 αὐτου
489 3429 672 3502 βλέποντες
687 3427 781 3501 μόνον
799 3424 894 3488 αότδν
912 3450 947 3487 ου
939 3423 1143 3527 ’χαθορῶμεν,
1160 3431 1291 3498 Νηστις
1307 3424 1388 3484 δέ
1354 3447 1389 3483 το
1408 3419 1497 3528 ὕδωρ
1515 3421 1610 3496 μόνον

354 3512 412 3589 γάρ
431 3519 520 3572 τοῦτο
540 3511 635 3589 ὄχημα
653 3521 763 3590 τροφῆς
781 3512 879 3573 αίτιον
896 3509 1052 3587 γινόμενον
1073 3518 1144 3571 πᾶσι
1160 3520 1222 3577 τοῖς
1239 3505 1482 3586 τρεφομένοις’
1447 3510 1518 3569 αυτδ
1536 3505 1610 3570 καθ’

355 3595 426 3657 αῦτδ
440 3600 557 3672 τρέφειν
574 3621 609 3658 ον
601 3593 780 3670 ’δυνάμενον
800 3596 834 3658 τὰ
847 3594 1025 3672 τρεφόμενα.
1062 3593 1135 3656 εί
1103 3618 1160 3670 γαρ
1173 3594 1286 3670 έτρεφε,
1304 3599 1397 3670 φησίν,
1416 3591 1468 3655 οὐκ
1485 3593 1523 3655 άν
1535 3617 1610 3656 ποτε

302 3690 333 3741 35
354 3687 440 3754 λιμῶι
448 3679 615 3756 κατελήφθη
626 3680 661 3742 τά
672 3687 752 3754 ζῶια,
763 3675 908 3750 ῦδατοςέν
916 3687 969 3742 τῶι
979 3679 1095 3752 κόσμωι
1104 3678 1319 3752 πλεονάζοντος
1328 3678 1383 3740 άεί.
1400 3679 1444 3740 διά
1456 3687 1542 3741 τοῦτο
1553 3687 1610 3756 Νῆ-

357 3786 419 3826 στιν
427 3774 511 3826 καλεῖ
518 3766 553 3826 τό
559 3760 635 3839 ὕδωρ
646 3761 691 3826 ὅτι
699 3774 808 3844 τροφῆς
817 3763 1070 3842 αίτιονγινόμενον
1078 3768 1194 3841 τρέφειν
1204 3760 1257 3825 οῦκ
1266 3762 1379 3826 εότονεῖ
1387 3766 1422 3826 τά
1433 3762 1608 3849 τρεφόμενα.

458 3892 500 3942 34.
513 3885 625 3943 (hm.
636 3888 666 3943 in
677 3889 761 3959 Hipp.
772 3896 829 3945 nat.
841 3888 915 3945 hom.
927 3888 981 3944 XV
993 3892 1026 3942 32
1035 3887 1071 3941 Κ.
1080 3879 1118 3943 Ἐ.
1129 3883 1161 3952 ἐξ
1170 3878 1380 3959 άμεταβλῆτων
1390 3891 1450 3945 τῶν
1460 3887 1609 3960 τεττάρων

358 3973 512 4042 στοιχείων
529 3964 625 4043 ῆγεῖτο
643 3975 793 4045 γίγνεσθαι
810 3971 940 4045 τὴντῶν
957 3971 1105 4029 συνθέτων
1117 3967 1261 4041 σωμάτων
1278 3966 1371 4043 φῦσιν,
1390 3963 1484 4039 οῦτως
1502 3966 1607 4043 άναμε-

355 4055 517 4156 μειγμένων
533 4050 666 4128 άλλῆλοις
681 4062 742 4115 τῶν
753 4078 887 4132 πρωτων,
905 4051 945 4123 ῶς
962 4055 993 4115 ει
1005 4077 1048 4122 τις
1062 4053 1184 4122 λειῶσας
1201 4048 1331 4130 άκριβῶς
1347 4060 1397 4113 καὶ
1412 4054 1526 4129 χνοῶδη
1544 4077 1608 4115 ποι·

303 4156 333 4208 40
355 4136 429 4212 ῆσας
446 4138 494 4199 ίόν
509 4144 559 4198 καί
573 4146 703 4212 χαλκῖτιν
719 4147 769 4200 καί
785 4145 909 4214 καδμίαν
930 4146 979 4200 καί
996 4144 1065 4212 μίσυ
1086 4136 1262 4212 μείξειεν,“
1242 4162 1282 4209 ως
1298 4141 1386 4213 μηδὲν
1402 4135 1487 4209 έξ’
1451 4147 1547 4200 αυτῶν
1564 4137 1608 4248 δῦ·

358 4235 467 4285 νασθαι
483 4228 741 4299 μεταχειρίσασθαι
756 4233 845 4303 χωρίς
862 4226 970 4301 ἑτέρου.

461 4366 504 4416 35.
521 4361 600 4418 Αῦτ.
612 4361 677 4429 117,
689 4367 704 4417 6
724 4364 770 4430 [D.
782 4368 843 4430 336]
868 4357 903 4422 Έ.
922 4361 1001 4436 έλεγε
1026 4385 1065 4433 μη
1057 4361 1128 4420 διδ
1156 4360 1268 4428 παντὸς
1293 4359 1421 4428 ἑστῶτας
1446 4364 1519 4420 είναι
1540 4354 1609 4433 μηδ’

357 4443 533 4521 ὡρισμένους
559 4444 628 4515 τοδς
644 4443 754 4516 τόπους
775 4453 835 4506 τῶν
852 4451 1009 4520 στοιχείων,
1033 4441 1105 4506 άλλά
1129 4443 1224 4506 πάντα
1242 4446 1310 4513 τοῖς
1332 4447 1381 4512 [εἰσ
1398 4448 1512 4516 antiquo
1529 4448 1609 4514 vitio,

355 4534 374 4587 l.
392 4528 487 4590 πάντα
499 4536 571 4598 πως]
590 4526 718 4605 άλλῆλων
727 4529 962 4608 μεταλαμβάνειν
978 4532 1013 4588 σί.
1024 4532 1126 4589 Αοίιίίί.
1144 4549 1171 4602 p.
1184 4536 1225 4599 34,
1238 4537 1270 4587 20
1280 4532 1316 4586 Μ.
1335 4525 1351 4588 6
1370 4525 1445 4590 66’E.
1465 4525 1499 4589 οῦ
1515 4535 1609 4590 δίδωσι

304 4632 334 4682 45
356 4627 419 4684 τοῖς
437 4621 592 4689 στοιχείοις
603 4611 780 4689 ὡρισμένους
796 4610 914 4685 τόπους,
932 4611 998 4676 αλλ’
1010 4611 1261 4692 άντιπαραχωρεῖν
1277 4610 1410 4688 άλλῆλοις
1421 4622 1516 4690 φησίν,
1533 4608 1609 4675 ῶστε

357 4701 411 4775 τῆν
428 4707 481 4775 γῆν
497 4702 648 4777 μετέωρον
664 4703 806 4777 φέρεσθαι
822 4707 871 4761 καὶ
888 4703 923 4760 τδ
941 4706 999 4774 πῦρ
1016 4699 1234 4775 ταπεινότερον.
