4117 5617
530 567 630 623 TEST.
648 566 782 624 DOCTR.
802 572 910 622 19-25.
946 565 1084 623 FRAGM.
1102 566 1242 623 SCRIPT.
1262 573 1285 622 1.
1303 573 1327 622 2.
1513 569 1551 628 17

295 732 431 808 ὑμνοῦσα
452 740 553 794 Γνῶθι
570 734 679 796 σαυτόν
694 741 744 795 καί
763 737 859 811 Μηδέν
875 733 959 809 άγαν.
993 740 1048 794 τοῦ
1064 732 1096 809 δὴ
1113 733 1199 795 ἕνεκα
1217 741 1308 796 ταῦτα
1326 737 1416 810 λόγως
1440 728 1486 796 ότι
1505 730 1554 799 ού·

296 840 349 888 τος
367 815 384 880 ὃ
402 818 515 896 τρόπος
530 813 566 894 ἦν
582 825 642 879 τῶν
658 826 790 880 παλαιῶν
807 823 857 894 τῆς
874 823 1059 895 φιλοσοφίας,
1076 822 1255 894 βραχυλογία
1272 841 1315 888 τις
1332 821 1495 897 Λακωνική.

401 979 444 1031 25.
461 974 542 1056 θοι-υτ.
558 973 620 1030 flor.
638 978 662 1040 1,
676 979 723 1030 112
742 976 835 1031 Hense
853 975 1016 1048 Δημητρίου
1032 975 1188 1049 Φαληρέως
1205 978 1264 1032 τῶν
1276 970 1348 1034 ἑπτὰ
1366 980 1469 1049 σοφῶν
1480 970 1554 1036 άπα-

295 1060 461 1135 φθέγματα.
479 1064 501 1117 δ.
516 1063 546 1117 Θ.
554 1054 694 1128 Ἐξαμύου
707 1058 846 1131 Μιλήσιος
858 1055 923 1133 έφη·
955 1064 979 1114 1.
996 1055 1093 1132 ἐγγύα,
1105 1056 1186 1132 πάρα
1198 1052 1226 1116 δ’
1238 1056 1305 1118 άτα.
1334 1065 1360 1115 2.
1378 1059 1470 1132 φίλων
1481 1082 1555 1135 παρ·

297 1142 396 1203 όντων
415 1148 466 1202 καί
482 1135 619 1203 ἀπόντων
643 1144 771 1217 μέμνησο
790 1145 888 1210 [Laert.
905 1146 986 1214 §37].
1022 1150 1047 1200 3.
1064 1141 1103 1216 μὴ
1121 1142 1173 1216 τὴν
1192 1144 1262 1218 όψιν
1278 1148 1470 1216 καλλωπίζου,
1488 1140 1555 1205 ἄλλ’

296 1228 329 1287 ἐν
345 1239 410 1297 τοῖς
426 1225 643 1302 ἐπιτηδεύμασιν
660 1226 721 1287 ἴσθι
736 1230 827 1296 καλός
845 1230 942 1297 [ihm.
971 1235 996 1285 4.
1013 1224 1052 1302 μὴ
1077 1227 1195 1288 πλούτει
1211 1233 1315 1296 κακῶς.
1346 1235 1369 1285 5.
1387 1226 1425 1302 μή
1444 1249 1478 1289 σε
1496 1236 1553 1290 δια·

296 1314 428 1387 βαλλέτω
446 1309 535 1386 λόγος
551 1309 627 1387 πρὸς
648 1313 717 1380 τούςΙ
733 1316 858 1380 πίστεως
881 1311 1129 1388 κεκοινωνηκότας
1148 1320 1211 1381 [45
1230 1315 1372 1385 coniungit
1388 1315 1479 1371 Laert.
1496 1316 1555 1384 ib.].

296 1404 322 1454 6.
339 1394 506 1457 κολακεύειν
518 1407 613 1471 γονεῖς
628 1395 667 1471 μὴ
686 1396 773 1457 ὄκνει.
808 1406 832 1454 1.
849 1395 889 1471 μὴ
908 1401 1071 1473 προσδέχου
1088 1396 1123 1457 τὸ
1137 1404 1250 1470 φαῦλον
1266 1399 1389 1471 [πατρός
1405 1403 1555 1476 λοιδορίαν

295 1478 335 1555 μὴ
363 1483 538 1555 προσδέχου·
565 1487 676 1554 φαῦλον
702 1484 758 1557 γάρ
784 1501 878 1554 gnom.
895 1484 1072 1540 Boissonadii
1090 1486 1151 1540 cod.
1168 1486 1230 1540 Par.
1248 1488 1334 1551 16301.
1369 1490 1393 1540 8.
1413 1481 1492 1552 οἵους
1516 1483 1556 1545 άν

296 1564 420 1639 ἐράνους
436 1567 563 1640 ἐνέγκηις
580 1577 642 1634 τοῖς
652 1573 775 1640 γονεῦσι,
792 1566 943 1635 τοιούτους
954 1563 1045 1636 αύτός
1060 1568 1092 1627 ἐν
1110 1573 1151 1645 τῷ
1167 1561 1252 1642 γήραι
1270 1565 1350 1644 παρόι
1369 1575 1428 1627 των
1445 1571 1554 1628 τέκνων

297 1654 463 1727 προσδέχου
472 1648 754 1721 [οἵους-τοιούτους
762 1654 909 1721 Maximum
920 1651 1165 1721 οἵους-τούτους
1174 1654 1264 1712 stou:
1278 1650 1440 1722 ούς-τοὺς
1449 1649 1553 1723 αύτούς

296 1739 397 1805 Laem,
414 1738 500 1793 Paris.
518 1736 689 1811 είσενέγκηις
705 1739 803 1806 Luem,
830 1740 917 1794 Paris.
932 1745 1052 1795 ceterum
1075 1746 1118 1795 est
1140 1740 1195 1796 flos
1212 1739 1442 1796 Demosthenieus
1459 1739 1494 1797 ef.
1512 1745 1554 1807 21,
1604 1728 1606 1734 ’
1712 1715 1713 1718 ¹

297 1823 471 1892 101=184].
506 1828 531 1878 9.
547 1819 678 1894 χαλεπὸν
703 1820 738 1880 τὸ
766 1822 871 1881 ἑαυτὸν
897 1828 1004 1896 γνῶναι
1023 1823 1067 1890 [τὸ
1095 1815 1236 1891 εὖθίοί).;
1254 1824 1342 1880 Vatic.
1357 1829 1422 1879 742:
1449 1823 1555 1884 ἑαυτὸν

297 1906 378 1962 stob.
390 1906 500 1973 (Bru),
516 1907 616 1975 Parim
634 1908 669 1964 cf.
686 1909 776 1964 Laert.
788 1910 804 1978 6
816 1912 869 1976 36].
907 1913 946 1962 10.
963 1899 1081 1980 ἥδιστον
1099 1898 1132 1966 οὗ
1149 1908 1297 1978 ἐπιθυμεῖς
1308 1918 1404 1980 τυχεῖν
1421 1901 1465 1976 [οὗ
1476 1909 1553 1968 ἐπιθ.

296 1993 398 2059 Parim
416 1996 469 2050 τοῦ
480 1990 634 2062 ἐπιθυμίας
651 1992 729 2049 wa.
741 1994 806 2060 A¹];
826 2000 856 2048 ut
868 1997 882 2047 1
895 2000 925 2048 et
936 1997 951 2047 9
971 2009 1005 2049 ex
1016 1993 1111 2065 Pythii
1128 1994 1229 2064 templi,
1247 1994 1287 2049 sic
1301 1998 1331 2049 10
1344 2009 1379 2049 ex
1390 1994 1463 2050 Delii
1475 1995 1553 2051 Letoi

296 2077 438 2134 vestibulo
455 2077 587 2132 translata
604 2077 648 2143 (cf.
666 2079 714 2132 Ar.
731 2077 795 2133 Eth.
813 2079 871 2134 Nic.
883 2078 962 2133 10991’
981 2083 1022 2134 21.
1040 2079 1155 2133 Eudem.
1170 2082 1273 2133 1214·5.
1290 2078 1414 2149 Theogn.
1427 2084 1485 2135 256.
1504 2080 1554 2136 So-

295 2161 388 2231 phod.
406 2178 450 2231 ap.
462 2161 540 2218 Stob.
557 2161 619 2217 flor.
634 2167 690 2229 103,
705 2167 754 2225 15].
787 2167 895 2217 11-13.
914 2156 1037 2233 άνιαρόν
1048 2157 1144 2235 άργία,
1161 2158 1312 2236 βλαβερὸν
1324 2157 1460 2234 άκρασία,
1476 2163 1554 2238 βαρὺ

296 2241 476 2304 άπαιδευσία.
515 2252 554 2302 14.
572 2246 685 2305 δίδασκε
702 2251 751 2305 καί
764 2244 896 2317 μάνθανε
913 2243 948 2304 τὸ
967 2244 1095 2318 άμεινον.
1132 2253 1172 2303 15.
1190 2241 1282 2320 άργὸς
1298 2243 1336 2320 μὴ
1355 2245 1415 2306 ἴσθι
1432 2240 1498 2322 μηδ’
1516 2246 1554 2307 άυ

296 2336 441 2404 ιιιιοιῆις.
469 2336 509 2388 16.
525 2326 602 2390 κακὰ
619 2330 651 2389 ἐν
669 2330 753 2390 obem
765 2328 874 2405 κρύπτε
891 2327 939 2403 [ιλ
956 2330 1032 2391 καλά
1044 2333 1130 2388 Pan's.
1145 2337 1229 2398 μου]
1258 2338 1298 2388 18.
1317 2338 1555 2405 φοονοῠμᾱλιοι

295 2413 314 2488 ἢ
333 2416 464 2490 οίκτίρου
481 2413 607 2488 [φθόνου
621 2414 708 2490 χάριν
724 2413 763 2487 μή
781 2416 928 2489 οίκτείρου
939 2417 1030 2474 stom
1049 2418 1154 2473 correxi
1172 2418 1204 2473 cl.
1217 2418 1297 2472 Pind.
1315 2419 1346 2473 P.
1360 2419 1374 2473 I
1391 2423 1432 2474 85.
1450 2421 1553 2476 Herod.

296 2506 322 2566 3,
334 2506 387 2567 52].
424 2505 464 2556 18.
481 2502 588 2575 μέτρωι
606 2506 679 2577 χρῶ.
716 2506 756 2557 19.
774 2498 813 2574 μη“
831 2506 901 2560 πᾶσι
922 2501 1046 2560 πίστευε.
1081 2507 1123 2556 20.
1141 2499 1241 2575 άρχων
1261 2499 1364 2572 κόσμει
1385 2500 1517 2562 σεαυτόν.

455 3170 490 3233 Β.
512 3167 728 3232 ΤΗΑΙιΕΤΙΒ
749 3167 871 3246 QUAE
893 3169 1187 3234 FEREBANTUR
1209 3168 1396 3234 SCRIPTA.

679 3339 702 3388 1.
720 3338 900 3392 NAYTIKH
915 3339 1167 3393 ΑΣΤΡΟΛΟΓΙΔ

399 3505 551 3560 D100.123
563 3504 608 3570 [cf.
617 3521 699 3575 supra
708 3521 735 3574 p.
745 3509 769 3571 3,
781 3509 822 3570 11]
833 3505 908 3562 κατά
918 3525 997 3571 τινας
1007 3505 1062 3576 μέν
1074 3503 1245 3579 σύγγραμμα
1257 3505 1409 3569 κατέλιπεν
1421 3500 1516 3564 οὐδέν·
1533 3499 1550 3578 ἦ

295 3590 354 3668 γὰρ
371 3593 412 3660 είς
423 3585 513 3650 αύτὸν
530 3585 732 3662 άναφερυμένη
749 3585 899 3663 Ναυτικὴ
919 3584 938 3648 ά
944 3593 1118 3664 στρολογί
1124 3612 1143 3648 α
1156 3588 1263 3649 Φώκου
1279 3591 1392 3664 λέγεται
1410 3587 1482 3649 είναι
1500 3595 1553 3649 τοῦ

297 3680 420 3748 Σαμίου.
455 3677 640 3747 Καλλίμαχος
658 3667 685 3730 δ’
704 3667 793 3732 αύτὸν
805 3671 880 3732 οίδεν
897 3670 1014 3750 εύρετίην
1031 3680 1082 3749 τῆς
1094 3673 1204 3751 άρκτυυ
1222 3678 1271 3747 τῆς
1288 3680 1393 3750 μικράς
1409 3676 1502 3748 λέγων
1519 3674 1551 3733 ἐν

295 3772 360 3830 τοῖς
375 3755 499 3836 Ἰάμβοις
516 3752 619 3826 ούτως
635 3755 700 3816 ικαί
717 3763 767 3831 τῆς
784 3754 892 3832 ἁμάξης
908 3758 1022 3834 ἐλέγετο
1036 3753 1260 3834 σταθμήσασθαι
1278 3755 1345 3825 τούς
1362 3754 1552 3835 άστερίσκους

295 3839 325 3920 ἧι
343 3847 462 3906 πλέουσι
479 3838 627 3912 Φοίνικεό.
663 3845 763 3899 Sum.
779 3844 860 3917 phys.
872 3849 914 3911 23,
926 3849 959 3900 29
979 3849 1010 3903 Θ.
1029 3846 1060 3903 δέ
1077 3850 1194 3917 πρῶτος
1206 3847 1399 3920 παραδέδοται
1415 3841 1468 3917 τὴν
1485 3849 1552 3917 περί

280 3930 411 4007 ,φύσεως
427 3932 560 4006 ίστορίαν
577 3938 639 3995 τοῖς
649 3920 781 4001 Ἕλλησιν
797 3927 927 4002 ἐκφῆναι,
945 3934 1061 3987 πολλῶν
1078 3931 1132 4000 μέν
1148 3936 1197 3988 καί
1209 3928 1304 3989 άλλων
1316 3927 1552 4004 προγεγονότων,

296 4013 338 4084 ὣς
354 4021 403 4076 καί
420 4021 475 4074 τῶι
492 4010 681 4087 Θεοφράστωι
699 4014 792 4086 [Phys.
806 4014 870 4069 dox.
885 4019 908 4080 1,
925 4014 961 4069 D.
973 4019 1033 4080 415]
1052 4019 1138 4081 δοκεῖ,
1157 4009 1244 4083 αύτὸς
1261 4016 1291 4073 δέ
1309 4012 1382 4074 πολὺ
1400 4010 1552 4087 διενεγκὼν
1637 4016 1640 4020 ’

295 4103 417 4162 ἐκείνων
434 4094 475 4168 ὡς
491 4094 659 4172 άποκρύφαι
677 4097 789 4166 πάντας
806 4099 874 4166 τούς
891 4096 949 4171 πρὸ
969 4093 1067 4157 αὐτοῦ.
1103 4099 1215 4172 λέγεται
1233 4101 1263 4158 δέ
1280 4098 1312 4157 ἐν
1324 4108 1450 4172 γραφαῖς
1465 4098 1552 4170 μηδὲν

295 4192 465 4246 καταλιπεῖν
473 4179 546 4255 πλὴν
556 4188 606 4256 τῆς
613 4184 790 4256 καλουμένης
802 4187 830 4240 Ν
834 4188 957 4256 αυτικῆ
962 4207 977 4252 ς
988 4178 1237 4259 άστρολογίας.
1260 4183 1339 4239 Sum.
1353 4184 1396 4250 [cf.
1405 4201 1433 4254 p.
1445 4188 1475 4238 12
1488 4201 1515 4238 n.
1525 4187 1550 4250 2]

296 4269 409 4345 ἔγραφε
420 4273 486 4344 περί
496 4265 653 4342 μετεώρων
663 4267 696 4326 ἐν
707 4265 796 4327 ἐπεσι.
819 4269 892 4324 Plut.
904 4269 986 4341 Pyth.
998 4287 1037 4327 or.
1052 4274 1091 4325 18.
1104 4274 1152 4326 402
1163 4270 1187 4324 Ε
1206 4265 1353 4340 πρότερον
1364 4269 1417 4337 μέν
1428 4268 1460 4325 ἐν
1472 4264 1552 4340 ποιή-

295 4378 385 4428 μασιν
400 4355 538 4429 ἐξέφερον
555 4353 584 4411 οί
600 4354 758 4426 φιλόσοφοι
775 4353 811 4411 τὰ
830 4349 962 4424 δόγματα
978 4358 1027 4410 καί
1046 4351 1112 4420 τούς
1133 4349 1237 4426 λόγους
1255 4343 1355 4424 ιύσπερ
1373 4346 1485 4423 Ὀρφεύς
1502 4356 1552 4409 καί

290 4434 421 4504 Ἡσίοδος
437 4443 486 4496 καί
498 4442 676 4511 Παρμενίδης
693 4441 744 4496 καί
755 4437 924 4510 Ξενοφάνης
940 4441 989 4494 καί
1006 4433 1194 4510 Ἐμπεδοκλῆς
1210 4441 1270 4503 [καί
1289 4440 1400 4508 Θαλῆς]
1419 4477 1467 4493 ...
1487 4430 1552 4495 ούδὲ

295 4516 493 4596 α’στρολογίαν
505 4518 681 4598 άδοξοτέραν
696 4522 838 4595 ἐποίησαν
855 4520 884 4579 οἱ
899 4527 965 4596 περί
976 4516 1161 4596 Ἀρίσταρχον
1176 4526 1225 4580 καί
1241 4518 1400 4593 Τιμόχαριν
1416 4525 1465 4578 καί
1481 4515 1552 4594 Ἀρί-

296 4611 419 4664 στυλλον
436 4611 486 4664 καί
495 4599 657 4683 ΙἽππαρχον
673 4604 875 4680 καταλογάδην
887 4604 1059 4678 γράφοντες,
1076 4604 1109 4664 ἐν
1125 4608 1241 4679 μέτροις
1258 4603 1405 4680 πρότερον
1423 4600 1553 4675 Εύδόξου

293 4697 346 4747 καί
357 4686 491 4750 Ἡσιόδου
507 4698 555 4750 καί
568 4696 665 4752 Θαλοῦ
681 4689 865 4766 γραφόντων,
883 4688 914 4749 εί
926 4711 959 4764 γε
979 4695 1012 4749 Θ.
1030 4689 1166 4763 ἐποίησεν
1184 4686 1223 4759 ὡς
1241 4686 1357 4764 άληθῶς
1373 4691 1426 4764 τὴν
1444 4693 1484 4758 είς
1502 4688 1551 4749 αύ-

348 4785 445 4840 Diels,
460 4787 543 4831 Ροουεο
556 4787 637 4842 philos.
1331 4781 1345 4831 2
