4117 5617
401 559 442 619 30
883 562 908 612 ε.
925 541 1180 614 ΧααοΡΗΑααε
1222 550 1225 556 ·

503 732 544 784 29.
563 729 660 782 Pmo
672 727 792 797 Sophist.
803 745 830 799 p.
843 731 893 781 242
900 726 931 782 Ο.
941 726 967 780 D
986 726 1097 797 [hospes
1109 728 1246 784 Eleatieus
1257 729 1397 798 loquimrl·
1404 727 1502 798 μῦθόν
1514 750 1579 788 τινα
1591 726 1661 788 έκα·

400 838 470 884 στος
481 816 618 886 φαίνεταί
627 831 678 882 μοι
690 816 849 884 διηγεῖσθαι
865 815 964 869 παισίν
981 806 1022 878 ὥς
1034 803 1115 870 οὖσιν
1126 808 1200 884 ἡμῖν,
1221 807 1237 870 5
1254 814 1308 883 μέν
1319 807 1359 880 ὥς
1370 815 1437 886 τρία
1455 809 1491 872 τά
1506 811 1588 883 ὄντα,
1606 835 1661 874 πο·

399 907 481 972 λεμεῖ
497 900 527 959 55
543 892 676 971 άλλῆλοις
692 895 787 955 ένίοτε
805 889 901 955 αὐτῶν
918 894 992 955 άττα
1009 917 1068 969 πηι,
1086 897 1153 955 τοτὲ
1171 897 1201 956 δέ
1217 901 1267 954 καί
1284 899 1354 970 φίλα
1371 895 1529 971 γιγνόμενα
1546 898 1661 974 γάμους

400 1007 432 1046 τε
449 989 498 1043 καί
515 980 620 1049 τόκους
637 987 687 1040 καί
697 981 812 1056 τροφάς
828 986 888 1039 τῶν
898 979 1030 1055 ἐκγόνων
1042 982 1199 1057 παρέχεται
1216 982 1421 1055 [Pherecydes]·
1439 975 1489 1041 δόο
1508 985 1538 1044 δέ
1555 982 1660 1058 έτερος

400 1070 498 1139 εἰπάν,
514 1065 607 1143 ὗγρόν
622 1071 673 1125 καί
689 1063 778 1141 ξηρὸν
794 1062 813 1140 ἢ
822 1062 936 1141 θερμὸν
952 1071 1001 1124 καί
1013 1064 1135 1142 ψυχρόν,
1154 1069 1308 1137 συνοικίζει
1325 1087 1357 1125 τε
1370 1060 1442 1125 αότά
1460 1073 1510 1126 καί
1521 1067 1658 1130 ἐκδίδωσι

399 1157 444 1224 [cf.
461 1155 632 1218 Archelausl·
655 1147 690 1211 τὸ
715 1153 746 1211 δέ
768 1145 842 1223 παρ’
865 1147 946 1223 ἡμῶν
965 1145 1131 1210 Ἐλεατικὸν
1153 1149 1248 1218 ἔθνος,
1270 1146 1331 1210 άπὸ
1351 1149 1539 1225 Ξενοφάνους
1557 1175 1590 1213 τε
1606 1161 1660 1215 καί

400 1238 441 1299 ἔτι
465 1238 598 1315 πρόσθεν
621 1232 785 1312 άρξάμενον
802 1238 847 1304 [cf.
864 1237 970 1294 Phileb.
986 1254 1015 1307 p.
1034 1237 1107 1294 160.
1116 1238 1163 1306 D]‚
1188 1231 1228 1304 ὡς
1250 1234 1317 1304 ἑνός
1340 1233 1427 1304 ὄντος
1449 1242 1510 1295 τῶν
1536 1236 1659 1299 πάντων

398 1315 630 1396 καλουμένων(
602 1315 679 1383 οότω
698 1323 868 1398 διεξέρχεται
886 1332 949 1391 τοῖς
964 1316 1077 1392 μάθοις.
1106 1323 1141 1379 cf
1158 1323 1266 1392 Philop.
1284 1322 1318 1378 ad
1337 1322 1421 1394 Phys.
1432 1323 1458 1377 A
1476 1329 1537 1394 5p.
1552 1329 1611 1393 125,
1624 1330 1657 1380 21

399 1411 491 1468 Vitell.
515 1405 720 1484 ὃΠορφάριός
742 1428 834 1506 φησι
827 1409 883 1466 τόν
900 1405 1053 1480 Ξενοφάνη
1078 1408 1114 1465 τὸ
1132 1403 1221 1482 ξηρὸν
1237 1411 1287 1464 καί
1305 1403 1339 1464 τὸ
1357 1402 1448 1479 ίιγρὸν
1466 1405 1625 1476 δοξάσαι’
1604 1431 1658 1484 αρ-

397 1493 461 1568 γάς,
477 1516 530 1569 την
541 1516 595 1568 γην
612 1495 687 1567 λέγω
704 1498 752 1550 καί
770 1488 806 1550 τὸ
823 1482 910 1594 όδωρ,
926 1496 976 1550 καί
985 1497 1088 1566 χρῆσιν
1100 1487 1189 1551 αάτου
1176 1495 1394 1566 παρατίθεται
1412 1496 1500 1551 τοῦτο
1513 1497 1659 1566 δηλοῦσαν

395 1575 497 1657 ιγῇ-
510 1572 691 1653 γίνονται’
709 1578 752 1645 [fr
764 1583 822 1646 29]·
839 1573 944 1650 ταύτης
960 1578 990 1636 δέ
1007 1581 1058 1648 τῆς
1075 1574 1158 1650 δόξης
1174 1582 1256 1636 δοκεῖ
1270 1581 1320 1634 καί
1328 1568 1451 1649 Ὅμηρος
1469 1572 1542 1635 εἶναι
1560 1576 1594 1636 έν
1612 1574 1659 1647 οἷς

400 1676 486 1736 ’φησιν
502 1657 589 1720 ἄλλ’
612 1658 692 1732 ὑμεῖς
712 1664 766 1732 μέν
789 1658 896 1729 πάντες
916 1654 994 1734 ὕδωρ
1015 1666 1064 1719 καί
1086 1671 1196 1735 γαῖαγ
1178 1655 1325 1734 γένοισθε
1350 1663 1451 1728 [Ηθθ]
1484 1663 1659 1736 Porphyrius

399 1749 486 1813 utimr
493 1749 693 1820 Allegoriarum
705 1763 818 1818 corpore
830 1747 864 1803 cf.
876 1747 960 1803 Prob
970 1748 1052 1817 Verg.
1065 1764 1093 1817 p.
1105 1751 1148 1814 21,
1160 1752 1184 1802 3.
1203 1748 1295 1819 [ΡΙαλ]
1307 1748 1362 1804 vit
1375 1748 1456 1803 Hom.
1469 1750 1502 1802 93
1516 1748 1600 1814 [Dox.
1613 1753 1657 1816 92]

502 1898 543 1949 30.
560 1894 691 1948 Αατετοπ.
708 1891 828 1962 Metaph.
846 1892 877 1946 A
889 1896 913 1945 5.
931 1892 995 1947 98δῦ
1009 1896 1041 1947 18
1065 1894 1244 1967 Παρμενίδης
1267 1886 1394 1966 μὲνγὰρ
1411 1886 1488 1950 έοικε
1506 1896 1561 1950 τοῦ
1577 1892 1655 1953 κατά

399 1976 561 2053 τὸνλόγον
579 1974 644 2043 ένὸς
655 1969 808 2043 άπτεσθαι,
828 1976 973 2043 Μέλισσος
990 1977 1020 2035 δέ
1039 1983 1092 2036 τοῦ
1107 1974 1182 2038 κατὰ
1200 1973 1252 2051 την
1267 1968 1348 2050 άλην·
1367 1975 1410 2034 διό
1429 1980 1479 2034 καί
1497 1971 1513 2033 5
1531 1977 1588 2047 μέν
1604 1998 1656 2038 πε-

399 2066 591 2138 περασμένον,
615 2058 631 2121 5
650 2057 678 2121 δ’
702 2057 827 2135 ἄπειρόν
850 2081 936 2162 φησιν
959 2057 1032 2121 εἶναι
1055 2055 1140 2122 αότό·
1166 2058 1335 2134 Ξενοφάνης
1357 2061 1387 2119 δὲ
1404 2065 1522 2134 πρῶτος
1540 2059 1657 2122 τούτων

399 2149 442 2210 ένί
431 2155 496 2219 ίσας
513 2145 541 2219 (5
559 2150 617 2222 γάρ
635 2150 815 2220 Παρμενίδης
831 2143 937 2206 τούτου
953 2149 1066 2221 λέγεται
1083 2149 1219 2221 γενέσθαι
1235 2142 1374 2219 μαθητής)
1393 2139 1475 2204 οὐδέν
1492 2139 1657 2221 διεσαφηνι·

399 2257 450 2296 σεν
473 2231 538 2294 οὐδὲ
559 2238 610 2307 τῆς
636 2225 749 2334 φάσεως
772 2228 885 2290 τούτων
907 2227 1098 2308 οὖδετέρας”
1081 2253 1158 2291 εοικε
1175 2239 1278 2305 θιγεῖν,
1301 2223 1368 2290 άλλ’
1386 2226 1474 2296 είς
1443 2251 1498 2288 τον
1516 2222 1588 2291 όλον
1607 2228 1656 2293 05·

400 2318 492 2392 ρανὸν
504 2313 724 2393 άποβλέφας
694 2338 729 2374 το
748 2314 780 2375 έν
791 2312 867 2375 εἶναί
884 2338 951 2390 φησι
963 2315 1016 2376 τόν
1028 2315 1109 2377 θεόν
1140 2308 1221 2376 οὗτοι
1232 2306 1333 2388 μέν
1298 2335 1358 2382 ουν,
1374 2313 1512 2390 καθάπερ
1523 2313 1656 2390 εἴπομεν,

400 2398 517 2479 άφετέοι
540 2398 616 2476 πρὸς
637 2423 689 2474 την
714 2405 765 2460 νῦν
790 2407 943 2473 παροῦσαν
967 2401 1091 2475 ζήτησιν,
1114 2403 1143 2461 σί
1159 2404 1213 2474 μέν
1230 2396 1280 2459 δύο
1303 2403 1353 2458 καί
1370 2395 1493 2470 πάμπαν
1511 2395 1552 2468 (ὃς
1571 2399 1656 2471 ὄντες

398 2488 505 2563 μικρὸν
522 2479 736 2561 άγροικότεροι,
759 2483 927 2560 Ξενοφάνης
948 2492 997 2545 καί
1021 2489 1168 2554 Μέλισσος
1191 2487 1317 2555 [Orvieto
1335 2488 1495 2559 πρῶτος·
1506 2479 1574 2545 0555
1589 2504 1660 2544 σεο-

399 2574 510 2630 collavit
526 2572 561 2628 σί.
573 2572 647 2628 Dox.
661 2576 729 2638 1101.

501 2721 543 2772 31.
562 2717 661 2773 θωνα.
673 2716 757 2789 Phys.
770 2720 812 2783 22,
824 2720 935 2784 22-23,
944 2721 986 2771 20.
1021 2711 1131 2790 άνάγκη
1152 2719 1251 2774 τοίνυν
1267 2711 1319 2787 τὴν
1338 2708 1431 2788 άρχὴν
1447 2709 1466 2785 5
1484 2716 1557 2784 μίαν
1578 2711 1653 2774 είναι
1674 2724 1687 2774 1

398 2799 417 2874 ἢ
435 2797 470 2860 οό
486 2803 566 2872 μίαν,
584 2795 693 2860 ταότόυ
710 2802 740 2860 δέ
757 2801 849 2858 εἰπεῖν
865 2804 991 2870 πλείους,
1007 2806 1058 2858 καί
1075 2801 1103 2859 εί
1117 2803 1196 2871 μίαν,
1211 2797 1276 2874 ἤτοι
1289 2793 1428 2872 άκίνητον
1444 2794 1463 2872 ἢ
1472 2800 1654 2874 κινουμένην.

398 2890 447 2945 καί
465 2887 492 2945 εί
508 2880 654 2959 άκίνητον,
679 2883 745 2960 ἤτοι
762 2883 887 2959 ἄπειρον
912 2879 953 2953 ὥς
970 2885 1117 2953 Μέλισσος
1135 2880 1151 2943 5
1172 2881 1284 2956 Σάμιος
1310 2889 1392 2942 δοκεῖ
1406 2884 1508 2957 λέγειν,
1525 2880 1545 2957 ἢ
1562 2905 1654 2944 πεπε·

400 2972 545 3046 ρασμένην
561 2967 601 3038 ὡς
618 2973 797 3044 Παρμενίδης
808 2968 940 3046 Πύρητος
955 2963 1094 3044 Ἐλεάτης,
1113 2966 1147 3029 05
1165 2975 1231 3043 περί
1249 2973 1372 3041 φυσικοῦ
1388 2971 1536 3042 στοιχείου
1553 2969 1654 3043 λέγον-

400 3078 447 3124 τες
464 3047 554 3123 οὗτοι,
572 3051 645 3115 α’λλὰ
665 3060 801 3130 περὶτοῦ
819 3052 912 3123 ὄντως
930 3052 1025 3122 ὄντος.

500 3144 572 3212 μίαν
593 3141 624 3200 δέ
649 3141 701 3209 τὴν
718 3135 810 3214 άρχην
831 3136 896 3213 ἤτοι
918 3136 950 3198 έν
971 3136 1006 3198 τὸ
1033 3137 1068 3198 ὂν
1093 3144 1142 3198 καὶ
1169 3143 1229 3199 πᾶν
1250 3143 1308 3207 (καί
1335 3135 1403 3198 οὔτε
1429 3141 1686 3244 πεπερασμένρν2

400 3224 467 3287 οὔτε
485 3224 608 3301 άπειρον
626 3222 693 3285 οὔτε
709 3221 881 3294 κινούμενον
899 3222 966 3299 οὔτε
977 3219 1303 3327 ἠρεμοῦν1Ξενοφάνην
1320 3222 1375 3283 τόν
1387 3221 1582 3298 Κολοφώνιον
1599 3221 1655 3284 τὸν

400 3314 583 3405 Παρμενίδου
603 3307 774 3369 διδάσκαλον
794 3294 990 3368 ὑποτίθεσθαί
1011 3331 1098 3382 φησιν
1120 3304 1136 3367 5
1158 3305 1355 3382 Θεόφραστος,
1375 3308 1530 3383 ὁμολογῶν
1552 3307 1655 3385 έτέρας

399 3393 473 3456 εἶναι
490 3392 638 3469 μᾶλλον”
618 3419 635 3468 η
653 3400 703 3467 τῆς
719 3398 786 3469 περί
803 3391 916 3468 φάσεως
933 3395 1029 3469 ίστορί
1030 3417 1065 3462 ας
1082 3390 1134 3467 τὴν
1151 3390 1262 3466 μνήμην
1279 3397 1329 3466 τῆς
1345 3385 1452 3452 τοότον
1468 3391 1559 3497 δόξης.

501 3478 536 3540 τὸ
558 3475 616 3554 γάρ
637 3476 669 3538 έν
690 3484 778 3538 τοῦτο
798 3483 848 3536 καί
870 3483 930 3537 πάν
952 3475 1005 3537 τὸν
1023 3476 1096 3538 θεὸν
1113 3475 1295 3550 έλεγενὸ”
1267 3477 1447 3551 Ξενοφάνης·
1476 3473 1512 3536 ὃν
1528 3475 1581 3538 ένα
1598 3481 1687 3550 μένθ

399 3568 539 3626 δείκνυσιν
555 3564 589 3623 έκ
605 3568 659 3622 τοῦ
670 3564 789 3622 πάντων
802 3554 960 3636 κράτιστον
971 3561 1054 3622 είναι.
1084 3561 1228 3623 πλειόνων
1238 3560 1306 3664 γάρ,
1322 3566 1417 3636 φησίν,
1436 3560 1531 3622 δντων
1542 3559 1655 3636 ὁμοίως

397 3648 537 3724 ὓπάρχειν
548 3645 659 3721 άνάγκη
676 3653 746 3706 πᾶσι
766 3646 801 3705 τὸ
813 3658 942 3730 κρατεῖν·
961 3645 997 3707 τὸ
1015 3649 1046 3707 δέ
1063 3645 1182 3707 πάντων
1193 3645 1352 3720 κράτιστον
1367 3645 1449 3706 καί
1428 3668 1552 3721 αριστον
1568 3646 1651 3718 θεός.

499 3730 685 3808 άγένητονδέ
671 3731 842 3792 έέδείκνυεν
858 3731 892 3790 έκ
913 3738 965 3792 τοῦ
984 3738 1044 3792 δεῖν
1061 3731 1096 3791 τό
1118 3731 1273 3804 γινόμενον
1290 3758 1307 3805 η
1295 3728 1395 3801 '¹55‘
1376 3754 1434 3804 ομο
1437 3735 1485 3792 ίου
1500 3758 1517 3807 η
1507 3728 1605 3802 55'
1583 3756 1654 3794 ανο-
1671 3745 1688 3794 4

396 3823 484 3921 μρίου
500 3822 642 3892 γίνεσθαι.
677 3809 750 3876 άλλά
773 3815 809 3875 τό
832 3818 886 3889 μέν
909 3808 1014 3887 όμσιον
1038 3815 1154 3886 άπαθές
1176 3838 1261 3891 φησιν
1283 3815 1341 3878 ὑπὸ
1359 3824 1413 3878 τοῦ
1431 3813 1551 3888 ὁμοίου·
1568 3814 1655 3879 οὐδέν

397 3900 455 3978 γάρ
471 3909 583 3974 μᾶλλον
601 3909 706 3977 γεννᾶν
722 3928 739 3975 η
728 3899 916 3976 ”γεννάσθαι
934 3899 1075 3978 προσήκει
1092 3902 1127 3961 τὸ
1147 3894 1252 3974 ὅμοιον
1269 3901 1303 3962 ἐκ
1319 3908 1372 3962 τοῦ
1391 3897 1509 3973 ὁμοίου
1532 3905 1561 3964 εί
1575 3906 1607 3965 δέ
1624 3905 1657 3975 55

397 3983 542 4059 άνομοίου
557 3991 680 4062 γίνοιτο,
698 3984 778 4047 έσται
795 3987 830 4046 τό
851 3983 886 4045 όν
902 3985 936 4045 έκ
952 3993 1006 4045 τοῦ
1022 3983 1061 4062 μὴ
1081 3984 1174 4056 ὄντος.
1208 3992 1258 4046 καί
1277 3979 1369 4055 οὕτως
1385 3982 1526 4061 άγένηιον
1542 3993 1592 4047 καί
1610 3984 1655 4050 άί·

397 4078 460 4132 διον
475 4073 594 4132 ἐδείκνυ.

503 4154 570 4217 οὔτε
588 4159 619 4217 δέ
639 4155 763 4233 άπειρον
781 4154 1089 4228 οότεπεπερασμένον
1106 4153 1188 4228 εἶναι,
1206 4158 1278 4216 διότι
1299 4154 1422 4230 άπειρον
1437 4159 1492 4229 μὲν
1511 4154 1546 4215 τά
1565 4156 1605 4231 μὴ
1619 4154 1655 4218 ὂν
1673 4167 1690 4216 5

398 4238 438 4311 ὡς
456 4238 522 4302 οὔτε
534 4237 627 4317 άρχὴν
637 4238 706 4316 ἔχον
719 4240 785 4302 οὔτε
796 4242 888 4312 μέσον
902 4238 969 4298 οὔτε
980 4241 1072 4310 τέλος,
1089 4245 1241 4317 περαίνειν
1249 4243 1279 4301 δέ
1291 4239 1366 4315 πρὸς
1377 4239 1484 4315 άλληλα
1497 4263 1533 4301 τα
1552 4246 1653 4303 πλείω.

500 4331 708 4403 παραπλησίως
729 4328 759 4386 δέ
781 4332 831 4385 καί
852 4327 1037 4400 τὴνκίνησιν
1059 4320 1180 4401 άφαιρεῑ
1200 4331 1250 4385 καί
1272 4322 1326 4400 τὴν
1345 4320 1476 4399 ἠρεμίαν.
1512 4323 1654 4401 άκίνητον
1672 4336 1689 4386 6

397 4413 450 4483 μέν
466 4408 524 4487 γάρ
541 4408 614 4471 είναι
633 4409 668 4471 τὸ
686 4408 725 4486 μὴ
745 4409 791 4470 ὄν·
811 4408 879 4470 οὔτε
896 4411 954 4486 γάρ
971 4408 1009 4470 άν
1026 4411 1067 4479 εἰς
1090 4406 1161 4470 αάτο
1180 4409 1284 4487 έτερον
1308 4409 1375 4471 οὔτε
1392 4406 1465 4471 αὐτὸ
1485 4433 1561 4485 προς
1579 4411 1653 4473 άλλο

397 4497 505 4556 ἐλθεῖν·
529 4506 673 4557 κινεῖσθαι
696 4499 726 4556 δὲ
747 4519 783 4556 τα
808 4499 899 4555 πλείω
916 4501 970 4555 τοῦ
986 4493 1066 4563 ένός·
1091 4493 1193 4572 έτερον
1209 4493 1266 4572 γάρ
1284 4497 1324 4563 είς
1341 4493 1443 4569 ἕτερον
1458 4493 1655 4571 μεταβάλλειν

403 4578 588 4656 [μεταβάλλει
606 4584 700 4640 0055:
718 4600 787 4639 corr.
805 4583 935 4648 Usener}

501 4660 574 4725 ὥστε
600 4673 650 4726 καί
675 4659 748 4727 όταν
773 4666 805 4725 έν
826 4661 933 4725 ταόταῐι
954 4667 1052 4737 μένειν
1075 4667 1152 4741 λέγηι
1174 4671 1223 4725 καί
1249 4666 1287 4740 μὴ
1314 4672 1466 4735 κινεῖσθαι,
1499 4659 1555 4726 άεί
1572 4659 1602 4724 δ’
1618 4674 1687 4725 -7
