4117 5617
404 552 466 612 184
953 553 978 604 9.
995 549 1110 606 TlthN

400 723 542 788 Phaedon,
559 721 688 777 ausuras
705 724 757 787 (ιι.
769 725 811 777 ιι.
823 726 865 776 ιι.
882 702 941 786 ια’
951 720 1072 787 remque
1088 719 1255 775 Aristoma
1272 723 1326 787 ιιι)
1349 725 1379 776 α
1395 722 1526 777 naemu
1544 721 1657 779 Aaro-

400 807 464 863 mici
482 811 543 874 (35).
572 822 669 861 verum
685 813 778 862 tamen
794 804 988 876 philosophum
1006 803 1156 872 perfectum
1174 812 1203 859 et
1214 804 1343 862 omnibus
1359 805 1480 861 numeris
1498 806 1658 862 absolutum

400 893 537 949 neminem
553 891 660 956 horum,
683 891 732 946 sed
748 891 831 945 talem
849 890 924 955 dicit,
942 888 1050 958 qualem
1067 891 1126 958 ipse
1143 889 1313 961 Pyrrhonem
1332 891 1476 961 conspexit
1491 892 1657 948 indomitum

402 986 431 1034 et
447 977 606 1042 infucatum,
623 974 751 1031 omnibus
771 974 927 1030 mortalium
944 974 1022 1028 vitiis
1043 972 1140 1028 orbum
1163 976 1225 1041 (53).
1261 992 1343 1046 quem
1366 976 1515 1046 alloquitur
1536 980 1591 1042 (48)
1609 983 1658 1032 aut

400 1068 485 1132 poeta
501 1071 549 1116 aut
566 1060 625 1116 eius
642 1061 699 1115 dux
716 1059 911 1131 Xenophanes
944 1059 970 1113 is
987 1057 1061 1113 enim
1083 1064 1115 1113 ut
1135 1060 1262 1129 princeps
1283 1060 1443 1131 perhibetur
1461 1062 1597 1132 scepticae
1614 1079 1656 1116 ra·

400 1147 492 1213 tionis,
508 1162 558 1216 per
575 1145 673 1202 Orcum
691 1145 838 1215 scepticum
861 1143 937 1199 ducit
953 1150 982 1199 et
998 1143 1129 1212 colloquii
1146 1144 1222 1199 vices
1243 1145 1323 1214 gerit.
1358 1146 1398 1201 sic
1414 1146 1450 1201 de
1468 1163 1497 1201 se
1514 1147 1575 1216 ipse
1592 1162 1656 1202 con·

401 1232 490 1287 lessus
509 1234 562 1297 (59)
578 1231 664 1286 variis
681 1231 728 1286 vel
740 1228 910 1286 orationibus
927 1229 974 1284 vel
991 1227 1163 1284 sermonibus
1174 1234 1379 1297 praetereuntes
1397 1232 1457 1287 sive
1475 1231 1655 1287 advenientes

400 1315 581 1386 philosophos
598 1316 743 1385 compellat
759 1319 811 1380 (33.
824 1319 874 1377 541.
909 1313 954 1370 cni
970 1313 1010 1367 illi
1025 1313 1193 1382 respondent
1210 1317 1254 1379 (31.

502 1401 599 1456 tertius
615 1399 686 1456 liber
695 1399 864 1469 Epilogus
876 1399 995 1469 Necyiae
1011 1397 1100 1452 lusum
1112 1399 1254 1466 protendit
1270 1404 1299 1454 et
1310 1398 1464 1468 aequalium
1476 1399 1655 1470 philosopho-

400 1501 460 1539 rum
478 1486 612 1539 vitamet
633 1483 784 1538 doctrinam
807 1485 932 1552 castigat
966 1489 1070 1538 certum
1091 1482 1301 1539 fundamentum
1322 1484 1394 1539 iacet
1409 1482 1470 1539 inl
1490 1484 1526 1539 de
1543 1485 1656 1555 Epicuri

400 1567 557 1637 gulositate,
574 1569 617 1623 cui
629 1568 792 1638 adiungeres
810 1572 852 1634 51,
868 1567 922 1622 nisi
934 1567 1025 1636 aptius
1042 1568 1072 1620 in
1083 1566 1182 1622 librum
1199 1569 1214 1623 I
1230 1569 1429 1625 transferretur.
1458 1585 1522 1623 nam
1540 1575 1573 1623 ut
1589 1569 1654 1637 Epi-

400 1653 458 1723 logi
475 1653 528 1708 luit
545 1653 604 1708 sine
621 1652 706 1707 dubio
723 1652 939 1722 antiquissimus,
954 1651 995 1706 ita
1010 1655 1042 1706 in
1058 1652 1111 1707 ista
1128 1652 1312 1722 sophistarum
1325 1655 1424 1724 Pugna
1440 1660 1514 1709 recte
1530 1644 1656 1719 ύστατος

400 1741 529 1806 φυσικῶν
544 1739 593 1793 καὶ
610 1731 750 1803 κύντατος
767 1737 911 1792 inducitur.
945 1742 1004 1790 tum
1022 1736 1120 1791 Aristo
1140 1735 1224 1792 Chius
1242 1744 1316 1794 certo
1333 1740 1492 1794 testimonio
1514 1743 1552 1804 (6)
1573 1741 1656 1794 tertio

400 1821 472 1877 libro
489 1820 661 1888 adscribitur,
678 1821 743 1877 inde
760 1822 843 1877 etiam
859 1821 893 1876 fr.
904 1825 947 1874 lo.
959 1825 1002 1875 49.
1013 1826 1045 1876 50
1064 1822 1100 1877 de
1116 1821 1257 1878 Aristonis
1283 1824 1404 1892 quodam
1421 1822 1558 1892 discipulo
1575 1830 1604 1878 et
1621 1824 1656 1878 de

400 1905 558 1976 Eurylocho
577 1913 605 1960 et
621 1905 744 1974 Philone,
762 1905 914 1978 Pyrrhonis
934 1905 1082 1975 discipulis.

406 1983 409 1991 ’
502 1991 552 2046 sed
569 1990 663 2046 omnia
678 1990 746 2046 haec
767 2007 838 2061 quae
855 1997 966 2047 servata
983 1997 1055 2057 sunt,
1077 1992 1183 2047 misella
1200 1999 1264 2047 sunt
1280 1992 1397 2048 frustula
1413 1998 1527 2062 propter
1543 1993 1656 2048 nomina

399 2075 573 2145 potissimum
599 2092 616 2131 a
642 2074 821 2144 scriptoribus
847 2076 978 2132 conlecta
1012 2093 1076 2132 nam
1099 2077 1269 2148 grammatici
1291 2077 1512 2133 Alexandrinum
1534 2094 1655 2134 scurram

399 2177 456 2216 non
473 2166 598 2230 tangunt.
632 2161 717 2228 igitur
737 2176 806 2216 cave
827 2176 862 2215 ne
884 2176 918 2215 ex
941 2160 993 2216 hac
1014 2162 1147 2229 exilitate,
1170 2177 1241 2230 quae
1262 2163 1462 2232 propemodum
1485 2163 1606 2233 catalogi
1628 2171 1655 2218 te

401 2244 637 2310 commonefaciat,
656 2245 692 2300 de
709 2252 767 2300 arte
784 2252 813 2300 et
828 2246 922 2301 indole
939 2246 1045 2302 iudices
1062 2247 1153 2316 operis
1170 2247 1277 2316 integri,
1301 2248 1378 2303 cuius
1395 2248 1503 2317 copiam
1522 2255 1551 2304 et
1567 2251 1655 2304 varie

399 2336 484 2385 tatem
502 2346 537 2384 ex
554 2330 720 2385 tenuissimis
737 2330 865 2399 vestigiis
883 2330 1007 2386 divinare
1024 2332 1115 2402 magis
1133 2331 1196 2387 licet
1213 2346 1295 2400 quam
1313 2332 1473 2388 instaurare.

501 2415 627 2470 Timonis
644 2413 726 2470 Sillos
742 2414 848 2470 iteratis
865 2417 936 2470 curis
961 2416 1004 2471 ed
1023 2415 1054 2471 C.
1066 2415 1244 2472 Waahsmuth
1266 2417 1296 2470 in
1314 2415 1552 2487 Silloprapltcram
1566 2435 1655 2489 μναιο.

399 2499 523 2570 reliquiis
541 2500 722 2569 (Lips1885),
740 2500 816 2555 cuius
834 2499 939 2555 ordinis
954 2516 1084 2556 numeros
1101 2500 1132 2554 in
1147 2501 1304 2571 parenthesi
1321 2503 1391 2557 meis
1408 2503 1530 2558 adiunxi.

594 3165 819 3231 SILLORUM
840 3166 1011 3230 CERTAE
1033 3166 1157 3231 sums
1178 3165 1456 3233 FRAGMENTA.

990 3303 1003 3353 1
1036 3303 1050 3353 1

500 3384 607 3437 Maur.
619 3383 703 3438 Drce.
715 3383 757 3438 IX
770 3387 818 3437 112
837 3383 880 3449 (ci.
898 3384 951 3437 Al
969 3399 997 3452 p.
1011 3304 1070 3450 1[14],
1083 3386 1125 3450 11)
1149 3382 1183 3441 τό
1202 3384 1232 3442 δὲ
1249 3387 1369 3457 πρῶτον
1386 3379 1476 3444 ταύτὰ
1499 3386 1566 3450 [scil.
1585 3387 1654 3442 duo·

398 3467 451 3523 bus
466 3468 667 3538 posteriosibus
684 3467 769 3533 libris]
792 3467 918 3540 περιέχει
935 3464 1102 3540 πράγματα,
1126 3466 1198 3543 πλὴν
1217 3462 1262 3528 ὅτι
1284 3468 1523 3543 μονοπρόσωπός
1540 3468 1620 3527 ἐστιν
1637 3465 1653 3542 ἢ

398 3555 520 3626 ποίησις.
556 3546 643 3626 οἷρχῆ
661 3555 691 3613 δὲ
708 3548 797 3612 αύτοῖι
813 3544 876 3626 ἥδε·

553 3663 676 3724 ἔσπετε
699 3669 755 3724 νῦν
777 3682 836 3740 μοι
861 3664 939 3723 ὅσοι
961 3659 1245 3747 πολυπράγμονές
1267 3663 1343 3723 ἐστε
1368 3663 1543 3746 σοφισταί.

500 3792 579 3847 sedes
596 3791 728 3862 parodiae
745 3791 832 3846 Β484
850 3785 953 3849 ἔσπετε
970 3795 1021 3849 νῦν
1037 3810 1088 3860 μοι
1107 3794 1233 3848 Μοῦσαι.
1269 3791 1304 3847 cf.
1323 3791 1406 3847 Clem.
1423 3791 1524 3847 Strom.
1541 3792 1555 3847 1
1573 3797 1608 3847 24
1625 3810 1653 3863 p.

398 3880 448 3930 329
457 3875 489 3930 Ρ.
508 3867 679 3950 οἱἝλληνες
695 3880 745 3934 καὶ
757 3869 840 3934 αύτοὶ
856 3873 925 3943 τούς
942 3879 1009 3948 περὶ
1021 3870 1121 3933 ὁτιοῦν
1139 3872 1444 3948 πολυπράγμονας
1461 3874 1575 3946 σοφούς
1593 3869 1652 3942 ἅμα

397 3964 447 4017 καὶ
464 3959 605 4033 σοφιστάς
623 3958 804 4033 παρωνύμως
814 3957 978 4034 κεκλήκασι.
1008 3964 1145 4032 σοφισταὶ
1162 3977 1258 4017 omnes
1275 3968 1341 4016 sunt
1357 3968 1465 4030 praeter
1481 3978 1567 4017 unum
1585 3962 1653 4034 Pyr·

397 4045 512 4102 rhonem
530 4045 583 4104 τὸν
602 4044 697 4120 σοφὸν
713 4046 879 4118 philosophi.
1558 4068 1563 4079 ·

981 4203 996 4253 2
1016 4201 1067 4263 [39]

498 4286 678 4341 Arnnuanus
687 4284 741 4340 XV
752 4301 779 4353 p.
790 4286 876 4340 oasA
887 4279 1077 4350 ἐνδοξότατος
1088 4282 1155 4348 [scil.
1165 4286 1224 4339 τῶν
1232 4286 1396 4353 παρωιοῶν]
1410 4275 1437 4340 δ’
1449 4273 1484 4356 ἦν
1496 4281 1654 4359 Εὔβοιος

399 4365 415 4428 ό
433 4367 546 4442 Πάριος
562 4366 721 4444 γενόμενος
743 4378 805 4435 τοῖς
825 4365 946 4440 χρόνοις
966 4363 1042 4426 κατὰ
1067 4369 1223 4425 Φίλιππον.
1259 4358 1345 4435 οὗτός
1367 4366 1446 4425 ἐστιν
1470 4363 1486 4427 ό
1509 4375 1559 4428 καὶ
1576 4366 1653 4445 ’aliq

397 4459 490 4524 ναίοις
510 4450 761 4529 λοιδορησάμενος,
782 4458 831 4511 καὶ
856 4448 988 4524 σαύιζεται
1011 4446 1101 4511 αύτού
1123 4456 1183 4509 τῶν
1204 4457 1370 4526 παρωιόιῶν
1393 4458 1493 4526 βιβλία
1515 4455 1652 4527 τέσσαρα.

396 4539 565 4613 μνημονεύει
583 4534 613 4597 δ’
632 4533 721 4598 αὐτοῦ
741 4544 772 4597 Τ.
790 4537 828 4596 ἐν
845 4543 906 4596 τῶι
924 4534 1067 4611 πρώτωι
1083 4542 1154 4595 των
1173 4540 1319 4595 Σίλλων.

498 4643 532 4698 ci.
544 4642 661 4699 Weland
673 4643 706 4696 de
714 4641 835 4711 praecip.
842 4641 941 4711 pared.
950 4640 1063 4695 Ηοιιιτν.
1072 4640 1252 4710 scriptoribus
1263 4657 1290 4710 p.
1302 4645 1334 4695 41
1345 4656 1406 4710 sqq.
1423 4639 1540 4696 Braodt
1548 4641 1652 4697 Parod.

395 4727 443 4782 rel.
460 4742 489 4795 p.
502 4731 543 4781 50.
579 4727 743 4796 exemplaria
767 4726 899 4797 parodiae
926 4726 980 4781 nisi
1002 4727 1031 4780 in
1050 4727 1194 4795 prooemio
1220 4725 1263 4790 [cf.
1280 4742 1307 4795 p.
1321 4729 1379 4792 183]
1405 4734 1470 4796 apte
1495 4743 1653 4784 enumerare
