4117 5617
484 531 544 590 100
963 531 988 581 5.
1006 522 1250 582 EMPEDOGLES

480 709 543 767 τοῖς
559 699 612 770 μὲν
628 692 688 757 ύπὸ
706 702 759 755 τοῦ
776 692 886 764 ἔξωθεν
909 695 1009 764 φωτός
1027 689 1188 769 οίποκριθῆι
1207 691 1241 750 τὸ
1260 681 1345 764 ύδωρ,
1369 701 1432 759 τοῖς
1448 686 1476 749 δ’
1492 687 1551 750 ὑπὸ
1574 697 1627 752 τοῦ
1649 687 1741 764 ἆέρος

481 785 666 856 [Ετιιροδοοίίτ
677 785 755 854 ορὶοο
767 799 827 849 usu,
839 789 871 838 nt
880 797 1002 850 aquosus
1013 797 1061 837 aer
1071 780 1242 852 signifioemr
1252 777 1287 833 τί.
1297 795 1325 849 p.
1340 783 1397 845 101,
1409 783 1434 845 4]
1452 774 1487 836 τὸ
1500 782 1565 853 πῦρ.
1591 776 1740 854 ἑκατέρων

481 869 539 943 γάρ
557 867 634 928 ἴασιν
656 865 728 928 εἶναι
749 864 785 926 τὸ
808 866 952 925 ἐναντίον.
987 863 1093 938 ἄριστα
1117 865 1147 924 δέ
1163 867 1327 938 κεκρᾶσθαι
1348 867 1397 920 καί
1418 865 1569 937 βελτίστην
1590 859 1663 922 εἶναι
1686 862 1741 937 τήν

481 953 514 1023 ἐξ
530 948 640 1027 ύμφοῑν
657 951 728 1012 ἴσων
745 953 937 1027 συγκειμένην.
972 956 1021 1009 καί
1039 955 1106 1022 περί
1122 952 1176 1021 μὲν
1195 946 1295 1020 όψεως
1313 947 1417 1020 σχεδόν
1433 953 1525 1006 ταῦτα
1543 950 1627 1022 λέγει.

447 1061 461 1111 5
584 1050 675 1128 τὴνδ’
687 1050 779 1127 όκοὴν
790 1049 851 1114 ἀπὸ
864 1059 924 1112 τοῖν
935 1050 1044 1123 ἔξωθεν
1056 1050 1178 1121 [έσωθεν
1189 1051 1337 1110 Schneider
1348 1067 1364 1107 ο
1375 1067 1403 1120 ρ.
1413 1056 1471 1118 102,
1481 1056 1522 1118 13]
1534 1054 1669 1125 γίνεσθαι
1681 1052 1740 1126 φό-
1769 1056 1792 1105 0

483 1163 556 1214 φων,
576 1132 648 1198 όταν
664 1139 722 1214 γάρ
739 1141 766 1207 [l.
786 1135 802 1198 6
822 1133 888 1215 669]
906 1135 963 1198 ὑπὸ
981 1145 1031 1213 τῆς
1048 1143 1147 1213 φωνῆς
1158 1138 1275 1210 κινηθὲν
1293 1136 1319 1201 [ί.
1337 1140 1421 1203 -είςΙ
1439 1129 1503 1210 ἧχῆι
1520 1135 1614 1207 ἐντός.
1637 1131 1740 1212 όίσπερ

483 1225 540 1301 γύρ
565 1222 638 1284 είναι
659 1222 780 1283 κώδωνα
807 1229 866 1282 τοῖν
892 1222 965 1283 ίσων
988 1221 1150 1292 [λέσωθεν]
1174 1222 1253 1297 ἤχων
1277 1218 1330 1295 τὴν
1346 1215 1447 1294 όκοην,
1473 1215 1508 1293 ἣν
1525 1224 1740 1298 προσαγορεύει

484 1309 659 1381 σάρκινον
677 1308 777 1381 ὄζον·
794 1310 964 1384 κινουμένην
982 1311 1185 1383 [κινουμένηςί]
1204 1309 1235 1368 66
1251 1311 1348 1366 παίειν
1365 1303 1420 1365 τόν
1436 1301 1510 1381 όέρα
1527 1305 1603 1380 πρός
1620 1305 1655 1368 τόι
1674 1329 1740 1368 στε-

486 1396 539 1471 ρεά
557 1400 607 1454 καί
624 1405 719 1455 ποιεῖν
735 1385 817 1468 ἦχον.
853 1391 996 1469 ὄσφρησιν
1013 1396 1043 1454 δὲ
1067 1397 1199 1469 γίνεσθαι
1222 1399 1267 1467 τῆι
1290 1386 1441 1465 οἷναπνοῆι.
1477 1388 1521 1449 διὸ
1542 1397 1590 1451 καί
1613 1391 1740 1464 μάλιστα

436 1483 464 1535 10
488 1476 702 1553 ὀσφραίνεσθαι
723 1475 859 1547 τούτους,
882 1475 926 1547 οίς
950 1475 1137 1552 σφοδροτάτη
1160 1484 1213 1538 τοῦ
1235 1476 1387 1548 ἄσθματος
1408 1471 1425 1550 6
1449 1478 1568 1550 κίνησις·
1593 1471 1687 1552 όσμίην
1708 1480 1741 1538 δὲ

486 1559 658 1639 πλείστην’
639 1563 699 1624 απὸ
718 1569 778 1623 τοῖν
794 1569 909 1623 λεπτῶν
930 1568 980 1622 καί
1002 1585 1063 1622 των
1084 1561 1204 1637 κούφων
1226 1558 1378 1637 α’πορρεῖν.
1412 1565 1480 1634 περί
1497 1563 1527 1621 δέ
1548 1559 1674 1635 γεύσεως
1689 1569 1741 1621 καί

485 1646 561 1724 ἁφῆς
582 1644 617 1708 06
637 1652 792 1725 διορίζεται
813 1644 886 1708 καθ’
909 1647 1103 1721 ἑκατέραν
1068 1670 1135 1708 οντε
1153 1655 1215 1717 πῶς
1238 1647 1305 1707 οὔτε
1328 1641 1366 1706 δι
1389 1642 1407 1707 6
1430 1649 1588 1720 γίγνονται,
1612 1643 1687 1751 πλὴν
1703 1645 1740 1706 τὸ

484 1735 588 1794 κοινόν
606 1729 650 1794 ὅτι
669 1740 722 1793 τῶι
733 1732 922 1808 ἐναρμόττειν
939 1745 1001 1803 τοῖς
1018 1732 1124 1810 πόροις
1135 1732 1268 1807 αἴσθησίς
1284 1732 1376 1791 έστιν·
1393 1723 1513 1804 ἥδεσθαι
1530 1733 1561 1790 66
1577 1742 1640 1800 τοῖς
1658 1728 1742 1804 ὁμοί-

486 1841 530 1888 οις
545 1818 622 1879 κατό
640 1841 673 1878 τε
689 1819 764 1891 (τό)
785 1819 875 1892 μόρια
897 1823 946 1877 καί
968 1816 1019 1892 τὴν
1041 1824 1145 1894 κρᾶσιν
1167 1819 1193 1885 [i.
1206 1835 1230 1874 ε
1247 1818 1322 1877 κατὰ
1339 1814 1391 1891 τὴν
1412 1816 1445 1875 έν
1462 1826 1525 1883 τοῖς
1540 1811 1613 1875 καθ’
1631 1813 1742 1877 έκαστα

436 1919 464 1970 15
484 1907 600 1979 μορίοις
612 1910 665 1965 τοῦ
677 1902 814 1975 στόματος
825 1909 931 1977 κρᾶσιν
942 1908 1001 1962 ταῖν
1014 1907 1165 1977 στοιχείων
1176 1904 1210 1960 οἱ.
1222 1905 1238 1974 ἕ
1250 1907 1300 1970 10],
1311 1907 1463 1962 λυπεῖσθαι
1474 1901 1505 1960 δέ
1516 1910 1578 1969 τοῖς
1589 1899 1689 1961 έναντί
1677 1905 1742 1969 ίοις.

587 1999 726 2075 ὡσαύτως
743 2009 773 2066 66
785 2007 859 2081 λέγει
877 2011 927 2065 καί
942 2011 1008 2082 περὶ
1021 2006 1192 2079 φρονήσεως
1208 2009 1257 2062 καί
1268 2002 1399 2078 όγνοίας.
1469 2002 1503 2062 τό
1522 2001 1649 2077 μὲνγὰρ
1666 2025 1741 2079 φρο·
1762 2013 1793 2062 10

486 2101 546 2151 νεῖν
563 2088 635 2151 είναι
652 2102 715 2160 τοῖς
738 2089 863 2163 ὁμοίοις,
885 2088 920 2150 τὸ
938 2087 969 2150 δ’
987 2086 1105 2166 όγνοεῖν
1127 2101 1190 2159 τοῖς
1212 2085 1371 2160 όνομοίοις,
1392 2085 1433 2157 ὥς
1454 2082 1598 2162 ἢταύτόν
1614 2083 1633 2160 6
1650 2109 1745 2162 παρα·

486 2174 607 2251 πλήσιον
630 2173 666 2235 όν
688 2181 735 2249 τῆι
757 2175 888 2251 αἰσθήσει
914 2177 966 2250 τὴν
987 2174 1138 2251 φρόνησιν.
1174 2173 1437 2249 διαριθμησόμενος
1455 2170 1528 2247 γάρ,
1553 2167 1594 2240 ὥς
1619 2170 1744 2233 ἕκαστον

488 2261 614 2323 έκόστωι
636 2265 825 2335 γνωρίζομεν,
849 2261 897 2320 έπί
920 2263 992 2321 τέλει
1016 2262 1200 2336 προσέθηκεν
1222 2255 1263 2328 ὥς
1282 2256 1337 2318 “έκ
1361 2255 1546 2317 τούτων-
1564 2251 1743 2318 α’νιιδνται

437 2362 467 2412 20
488 2347 530 2413 [fr.
544 2350 602 2413 107]
620 2343 664 2403 διὸ
676 2350 726 2404 καί
744 2351 796 2404 τῶι
809 2343 907 2417 αἵματι
924 2343 1048 2417 μάλιστα
1061 2356 1193 2418 φρονεῖν·
1210 2345 1243 2404 έν
1255 2342 1360 2404 τούτωι
1371 2338 1428 2418 γόιρ
1439 2339 1563 2414 μάλιστα
1574 2349 1743 2418 κεκρᾶσθαι

488 2427 616 2501 [έστί]
585 2453 622 2490 τα
640 2441 769 2504 στοιχεῖα
788 2435 847 2489 τῶν
864 2436 972 2503 μεροῖν.
1596 2476 1598 2481 .
1763 2438 1791 2488 11

591 2525 673 2601 όσοις
688 2534 742 2602 μέν
766 2524 818 2591 ούν
840 2531 889 2592 ἴσα
906 2538 955 2591 καί
978 2530 1164 2610 παραπλήσια
1186 2532 1336 2603 μέμεικται
1357 2536 1407 2590 καί
1423 2527 1461 2606 μὴ
1480 2532 1524 2591 διό
1547 2537 1658 2592 πολλοῦ
1674 2535 1743 2606 μηδ’

381 2694 383 2698 Ι
488 2609 524 2676 αύ
541 2614 631 2690 μικροί
647 2613 712 2690 μηδ
735 2612 956 2693 ύπερβόλλοντα
978 2623 1031 2676 τῶι
1048 2619 1174 2692 μεγέθει,
1197 2615 1316 2684 τούτους
1333 2613 1574 2691 φρονιμωτάτους
1595 2614 1669 2676 είναι
1692 2623 1742 2676 καί

487 2701 564 2761 κατὰ
582 2701 635 2769 τοὶς
646 2698 793 2775 αἰσθήσεις
804 2696 1042 2778 ἀκριβεστάτους,
1058 2702 1133 2762 κατό
1148 2699 1238 2773 λόγον
1257 2702 1288 2760 δὲ
1304 2705 1354 2759 καί
1370 2695 1439 2768 τούς
1455 2695 1602 2774 έγγυτότω
1621 2700 1747 2771 τούτων,

436 2792 467 2842 25
489 2777 619 2854 όσοιςδ’
643 2783 790 2855 έναντιως,
814 2781 1061 2861 ύφρονεοτότους
1095 2777 1189 2846 καί
1166 2807 1209 2844 ων
1229 2787 1283 2856 μέν
1305 2783 1383 2858 μανὰ
1406 2779 1500 2844 καῖ’
1479 2783 1569 2860 αραιόι
1590 2798 1684 2847 κεῖται
1706 2785 1743 2848 τὰ

489 2881 628 2946 στοιχεῖα,
645 2874 780 2948 νωθρούς
795 2878 843 2931 καί
859 2863 1071 2941 ἐπιπόνους·
1047 2894 1090 2931 ων
1107 2873 1137 2931 66
1153 2869 1247 2931 πυκνοὶ
1265 2875 1314 2930 καί
1332 2864 1406 2928 κατὰ
1424 2867 1513 2945 μικρὰ
1531 2873 1744 2944 τεθραυσμένα,

489 2955 558 3024 τούς
571 2957 601 3015 66
612 2954 762 3025 τοιούτους
775 2951 849 3026 όξεῑς
861 2959 1040 3033 φερομένους
1050 2961 1100 3016 καί
1111 2961 1232 3024 πολλοῖς
1248 2953 1492 3029 ἐπιβαλλομένους
1505 2954 1553 3015 όλί
1552 2979 1589 3030 γα
1601 2956 1744 3017 ἐπιτελεῖν

489 3039 533 3101 διὰ
551 3041 603 3114 τήν
626 3034 748 3117 όξύτητα
770 3043 822 3115 τῆς
845 3047 897 3102 τοῦ
920 3041 1043 3114 αίματος
1066 3047 1170 3116 φορᾶς.
1206 3036 1251 3109 οἷς
1276 3035 1403 3100 δὲκαθ’
1421 3038 1452 3100 έν
1470 3063 1496 3100 τι
1512 3037 1618 3116 μόριον
1636 3039 1652 3113 6
1670 3041 1745 3114 μέση

488 3127 593 3202 κρᾶσίς
608 3125 679 3196 ἐστι,
701 3124 800 3201 ταύτηι
823 3124 934 3198 σοφούς
955 3126 1096 3195 έκόστους
1113 3123 1199 3186 εἶναι·
1222 3121 1266 3184 διὸ
1286 3120 1355 3194 τοὺς
1375 3125 1470 3197 μένι
1453 3125 1581 3202 ρήτορας
1603 3121 1746 3200 όγοιθούς,

438 3221 468 3270 30
488 3207 558 3277 τοὺς
574 3211 605 3269 66
616 3207 796 3283 τεχνίτας,
775 3235 816 3281 ως
827 3222 889 3281 τοῖς
900 3213 954 3284 μέν
970 3212 1003 3270 έν
1019 3222 1084 3280 ταῖς
1093 3213 1187 3287 χερσί,
1205 3220 1267 3278 τοῖς
1284 3210 1315 3269 δέ
1330 3209 1364 3269 έν
1380 3232 1427 3284 τηι
1437 3208 1560 3285 γλώττηι
1577 3208 1628 3283 τὴν
1638 3215 1746 3284 κρᾶσιν

490 3286 593 3354 ούσαν·
613 3291 724 3367 ομοίως
740 3293 769 3355 δ
789 3293 865 3371 ἔχειν
882 3301 932 3355 καί
947 3296 1023 3356 κατὰ
1043 3295 1096 3364 τός
1112 3293 1203 3364 όλλας
1219 3295 1361 3367 δυνάμεις.

590 3392 627 3454 Ἐ.
651 3399 705 3468 μέν
727 3390 780 3458 ούν
803 3390 895 3466 ούτως
918 3398 1009 3457 οίεται
1030 3403 1081 3456 καί
1104 3395 1157 3471 τὴν
1179 3395 1314 3470 αἴσθησιν
1334 3401 1468 3472 γίνεσθαι
1490 3401 1539 3455 καί
1561 3395 1596 3455 τό
1615 3406 1745 3472 φρονεῖν,
1766 3402 1795 3453 11

489 3501 646 3557 απορησειε
663 3476 691 3540 δ
710 3480 748 3542 ἄν
765 3504 808 3550 τις
830 3475 901 3553 ἐξ
878 3505 921 3542 ων
937 3484 1013 3558 λέγει
1037 3484 1235 3559 πρῶτονμὲν,
1257 3486 1287 3542 τί
1304 3487 1406 3542 διοίσει
1423 3481 1458 3544 τό
1483 3478 1597 3555 ἔμψυχα
1615 3478 1692 3556 πρὸς
1708 3482 1745 3541 τό

491 3563 686 3626 αἰσθάνεσθαι
702 3573 762 3627 τῶν
779 3564 883 3627 ἄλλων.
912 3566 1136 3642 έναρμόττει
1101 3591 1159 3644 γαρ
1175 3572 1225 3628 καί
1242 3579 1305 3636 τοῖς
1322 3573 1382 3626 τῶν
1393 3563 1515 3642 όφύχων
1533 3564 1651 3642 πόροις
1669 3558 1747 3635 όλως

439 3668 469 3717 35
489 3648 548 3725 γόρ
565 3661 644 3710 ποιεῖ
660 3651 715 3724 τὴν
731 3655 808 3723 μίξιν
824 3657 870 3725 τῆι
889 3654 1061 3727 συμμετρίαι
1083 3658 1143 3712 τῶν
1159 3653 1276 3727 πόρων
1300 3649 1402 3726 διόπερ
1420 3649 1569 3712 έλαιονέ
1533 3653 1569 3723 μέ
1570 3673 1586 3709 ν
1603 3656 1651 3710 καί
1668 3643 1747 3725 ύδωρ

491 3730 712 3809 ούμείγνυοθαι,
730 3737 766 3796 τό
785 3739 817 3797 δὲ
828 3736 926 3798 ἄλλα(
913 3761 985 3814 υγρα
977 3739 1048 3798 καί
1059 3731 1161 3814 περί“
1143 3759 1223 3799 οσων
1239 3738 1271 3812 δη
1284 3745 1505 3811 καταριθμειται
1522 3735 1575 3806 τ’όις
1586 3740 1658 3805 ίδίας
1674 3738 1747 3812 κραί-

491 3839 557 3888 σεις.
592 3811 668 3877 όίστε
685 3816 781 3879 πάντα
799 3842 831 3879 τε
849 3843 867 3879 α
868 3819 1017 3895 ἰαθήσεται
1034 3825 1084 3879 καί
1101 3815 1210 3880 ταύτόν
1227 3818 1358 3882 έσταιί
1324 3824 1398 3893 μίξις
1415 3827 1463 3881 καί
1481 3822 1612 3897 αἴσθησις
1629 3825 1679 3880 καί
1693 3818 1747 3880 αύ-

490 3910 580 3978 ξησις·
603 3901 698 3963 πάντα
720 3901 778 3980 γὰρ
804 3917 883 3966 ποιεῖ
903 3929 948 3980 τηι
971 3910 1142 3979 συμμετρίαι
1169 3913 1229 3966 ταῖν
1251 3904 1371 3983 πόρων,
1393 3905 1445 3967 έὰν
1471 3905 1509 3982 μὴ
1531 3913 1659 3983 προσθῆι
1682 3928 1747 3966 τινα

490 3985 642 4064 διαφοράν.

441 4091 470 4140 40
594 4070 694 4133 ἔπειτα
710 4071 795 4134 έν’
760 4087 859 4145 αυτοῖς
880 4086 943 4144 τοῖς
959 4076 1145 4151 έμφύχοιςί
1117 4099 1133 4135 τ
1163 4082 1274 4148 μᾶλλον
1295 4076 1464 4152 αἰσθήσεται
1486 4101 1521 4137 το
1512 4079 1571 4138 έν
1588 4085 1640 4138 τοῖι
1657 4076 1747 4151 ζόιωι
1767 4085 1796 4134 13

491 4164 549 4234 πῦρ
566 4156 584 4232 6
602 4155 637 4219 τὸ
655 4160 749 4228 έκτὸς,
767 4159 849 4237 εἴπερ
866 4156 1096 4237 έναρμόττουσιν
1108 4155 1284 4235 όλλη’λοις,·ι
1272 4161 1394 4239 υπόρχει
1411 4162 1468 4239 γὰρ
1485 4159 1566 4222 καί(
1551 4189 1568 4237 η
1587 4168 1747 4238 συμμετρία

490 4249 540 4304 καί
557 4244 592 4303 τό
613 4236 726 4318 όμοιον.
752 4242 842 4306 έτι
812 4249 842 4306 δ
859 4241 971 4321 όνόγκη
983 4245 1127 4322 διαφοράν
1144 4268 1207 4305 τινα
1225 4243 1309 4320 έχειν,
1327 4243 1456 4351 είπερ’
1420 4245 1491 4308 αυτὸ
1509 4246 1610 4320 μέν
1578 4271 1616 4322 μη
1630 4246 1748 4309 δύναται

491 4336 674 4406 συμπληροῦν
692 4330 760 4399 τούς
782 4325 901 4408 πόρους,
923 4333 958 4391 τό
981 4328 1008 4390 δ’
1027 4329 1137 4401 έξωθεν
1159 4325 1344 4392 έπεισιόν·
1324 4326 1386 4393 ωότ
1390 4326 1483 4393 '⁰6
1465 4354 1570 4405 ομοιον
1588 4325 1626 4437 62
1643 4331 1748 4408 πόντηι

491 4419 540 4474 καί
557 4413 682 4484 πόντως,
700 4410 753 4476 ούκ
770 4413 808 4476 όν
833 4439 869 4490 ην
886 4416 1026 4490 αἴσθησις.
1063 4413 1105 4476 ετι
1123 4418 1152 4476 δ
1176 4415 1305 4493 πότερον
1329 4419 1357 4478 οί
1374 4417 1464 4496 πόροι
1485 4415 1600 4478 κενοί“
1582 4441 1599 4487 η
1618 4416 1748 4494 πλήρεις,·

441 4512 471 4562 45
492 4501 519 4560 εί
532 4501 655 4575 μένγαρ
666 4505 757 4570 κενοί,
774 4507 926 4578 συμβαίνει
938 4508 1093 4576 διαφωνεῖν
1105 4501 1218 4562 έαυτιδι.
1236 4510 1306 4577 φησί
1322 4501 1380 4580 γὰρ
1399 4498 1474 4572 ὅλως
1492 4499 1544 4564 ούκ
1556 4501 1629 4563 είναι
1645 4501 1747 4564 κενόν·

493 4585 618 4725 είδῗ
583 4583 707 4661 πλήρεις,
725 4580 807 4646 όεί’“
787 4609 825 4646 αν
837 4585 1060 4647 αίσθόνοιτο
1026 4611 1062 4648 τα
1081 4593 1166 4659 ζῶια·
1184 4593 1270 4662 δῆλον
1287 4586 1344 4664 γὰρ
1362 4585 1402 4658 ὡς
1413 4588 1592 4664 ἐναρμόττει,
1610 4588 1748 4663 καθάπερ

492 4687 572 4742 φησ,
589 4666 623 4728 τὸ
643 4662 756 4742 όμοιου.
