4117 5617
400 566 461 626 140
880 569 904 619 ι.
922 563 1169 621 Ειιειιιοσιιιε
1207 635 1209 640 ,

526 743 572 817 ὣς
589 738 688 822 γλυκὺ
710 741 771 818 μὲν
793 736 892 820 γλυκὺ
907 741 1053 823 μάρπτε,
1078 741 1200 825 πικρόν
1223 730 1257 801 6’
1275 741 1336 802 ἐπὶ
1357 743 1480 826 πικρόν
1504 743 1655 827 όρουσεν,

526 840 584 920 ὀξι)
608 834 641 905 6'
667 833 726 904 ἐπ’
753 837 811 918 ὀξὺ
834 841 905 924 ἔβη,
928 841 1060 926 θερμόν
1084 832 1116 903 6'
1143 843 1325 921 έπσχεόετσ
1347 844 1493 929 θερμῶν.

500 979 513 1030 1
531 973 585 1043 μὲν
600 973 695 1028 Mam:
712 970 766 1040 μὲν
782 968 831 1028 ἐπὶ
847 970 919 1025 ΡΙιιτ
980 975 995 1025 2
1015 969 1134 1026 exhibeo
1151 971 1285 1040 Maerob.;
1302 980 1333 1029 at
1349 973 1379 1028 in
1395 973 1535 1029 λεειτιισεὶε
1553 981 1583 1030 et
1597 990 1657 1030 σοι·

395 1059 484 1129 ruptis
506 1058 578 1114 Plut.
598 1050 647 1124 σ’ξυ
664 1047 759 1113 ι1’έπ’
778 1047 828 1123 όξὺ
846 1048 970 1126 δαλερὸν
987 1058 1110 1124 δαλεροῦ
1132 1056 1189 1122 (εἰει
1211 1056 1331 1114 fortasse
1353 1059 1449 1129 glossa
1470 1059 1658 1130 Empedocleo

395 1145 464 1201 latet
484 1140 591 1217 όσερὸν
611 1135 639 1199 6’
663 1138 799 1211 έποχεῑτο
823 1143 943 1214 όαηρῶι;
978 1138 1013 1195 cf
1025 1140 1092 1195 Hes.
1105 1139 1224 1214 όαερόν·
1246 1142 1337 1210 μέλαν
1358 1147 1409 1200 καί
1430 1141 1466 1201 τό
1488 1139 1657 1214 καιόμενον.

396 1225 516 1328 όαηρόν·
538 1224 660 1298 θερμόν.
694 1222 889 1297 καυματηρόν
928 1223 974 1278 Et.
990 1223 1026 1278 Μ.
1044 1229 1108 1291 244,
1124 1229 1157 1279 42
1181 1229 1207 1291 (ε
1229 1226 1415 1297 Diogeniano)
1439 1227 1562 1301 δαηρόντ
1585 1233 1657 1298 λαμ·

397 1310 482 1386 πρόν,
499 1313 597 1386 ξηρόν,
612 1306 858 1382 καυματηρόν.-
823 1305 1008 1378 -έπεχεῖτσ
1028 1310 1099 1365 sorio
1116 1316 1259 1380 troporum
1277 1312 1371 1368 roliota
1389 1312 1510 1370 Lobook.
1538 1313 1574 1368 H.
1584 1313 1657 1369 weil

396 1407 452 1456 tres
469 1414 566 1455 versus
582 1396 669 1453 fuisso
686 1395 814 1460 credidit,
836 1393 955 1448 velutz.
967 1398 983 1447 8
1003 1385 1099 1460 6566
1116 1389 1166 1452 ἐπ’
1189 1389 1240 1462 όξὺ
1257 1392 1321 1471 ἔβη,
1339 1393 1489 1469 πλαδαρὸν
1506 1402 1658 1471 πλαδαρσῦ

397 1479 532 1584 [χαλερὸν
554 1485 682 1553 χαλεροῦ
706 1478 845 1545 Meinoke,
864 1477 956 1576 possis
972 1470 1107 1535 α’λεόνδ’
1129 1473 1218 1537 όλεσῡ
1235 1480 1269 1536 cf.
1290 1481 1409 1554 Hesyoh]
1438 1476 1541 1558 λάβετ’
1567 1475 1657 1554 σί<κα,

397 1564 512 1640 ψυχρὸν
524 1566 554 1624 δὲ
565 1568 706 1638 ψυχρῶι),
722 1560 837 1636 θερμον
853 1555 882 1618 6
899 1558 1057 1665 έπρχεόετο
1075 1568 1197 1637 θερμαῖι.
1223 1564 1314 1622 Paton
1332 1567 1451 1637 denique
1467 1574 1587 1638 temptat
1604 1584 1657 1624 seo

395 1651 534 1708 Plutarchi
554 1650 714 1749 memoriam
737 1640 837 1715 666³
859 1640 908 1705 ἐπ’
927 1640 977 1715 όξι)
995 1642 1105 1714 σπεῦδ’,
1128 1641 1237 1722 ἁλερόν
1259 1651 1341 1716 fidem
1359 1652 1514 1723 essequod
1535 1647 1656 1716 ἁλυκόν]

396 1730 424 1793 6’
441 1731 548 1808 ἁλερσῦ
565 1727 668 1803 λάβετ’
686 1723 762 1794 ιόκα.
779 1739 839 1788 tum
855 1732 989 1788 Macrobii
1006 1733 1223 1790 continuandum
1241 1751 1302 1792 esso
1320 1733 1435 1809 ψυχρὸν
1457 1738 1573 1809 ψυχρὸν
1596 1733 1657 1812 ἔβη,

396 1820 509 1892 θερμόν
526 1814 552 1876 6’
570 1815 726 1891 έπσχεόετσ
745 1819 865 1887 θερμῶι.
901 1825 931 1873 at
948 1817 1020 1873 duos
1037 1832 1136 1873 versus
1153 1818 1239 1875 fuisse
1256 1820 1337 1877 dooot
1347 1823 1485 1878 ··reoemio.

804 1957 836 2008 91
856 1957 925 2018 [272.
937 1957 987 2007 273
1000 1952 1045 2019 K„
1062 1957 1121 2009 284.
1134 1958 1184 2009 285
1197 1954 1246 2021 St]

498 2038 840 2107 AmQuaestsswp.
852 2041 894 2103 72,
906 2036 1083 2104 9Βιαιιι[υ1.
1095 2038 1211 2139 A89p.
1225 2043 1273 2094 103
1277 2044 1336 2106 ,17]
1354 2037 1660 2116 περὶτῆςἫρακλείας

397 2130 482 2185 λίθου
500 2122 544 2183 διὰ
563 2127 593 2183 τί
610 2121 684 2181 έλκει
702 2122 756 2179 τόν
773 2122 945 2193 σίσηρσνμ
958 2117 1022 2178 ,διὰ
1040 2124 1070 2179 τί
1086 2118 1146 2225 γὰρ
1161 2120 1249 2193 μόναι
1268 2120 1333 2182 αἶ’
1314 2121 1374 2184 απὸ
1393 2128 1445 2199 τῆς
1462 2121 1584 2185 λίθου’
1565 2124 1658 2200 απόρ·

396 2234 474 2285 ροιαι
491 2219 581 2269 κινεῖν
598 2208 732 2266 δόνανται
749 2201 804 2262 τόν
820 2204 1077 2275 έπιτιαιματίζσντα
1095 2205 1165 2275 τούς
1182 2213 1237 2265 τοῦ
1253 2206 1373 2282 σιδήρου
1388 2208 1499 2286 πόρους
1516 2205 1592 2286 α’έρα
1610 2215 1659 2268 καί

395 2297 537 2368 ἐπέχοντα
555 2294 608 2360 τάς
625 2285 868 2364 σέπσρροίαςβέτι
885 2287 930 2350 διὰ
948 2292 978 2348 τί
995 2287 1068 2349 ἄλλο
1087 2288 1171 2350 οὐδέν
1194 2293 1270 2366 πρὸς
1292 2291 1364 2352 ἄλλο
1387 2316 1414 2353 τι
1433 2317 1510 2355 συταν
1528 2297 1658 2370 φέρεται,

394 2384 492 2439 καίτοι
508 2375 603 2437 πολλὰ
621 2375 765 2449 λέγεται(
749 2369 801 2434 υπ’
824 2370 914 2433 αὐτοῦ
935 2376 1114 2449 συμμέτρους
1136 2374 1205 2445 τοὺς
1222 2378 1334 2452 πόρους
1355 2376 1431 2452 πρὸς
1454 2375 1577 2454 σίλλήλας
1595 2391 1659 2448 ταῖς

395 2458 604 2539 όπορροίαις”
588 2482 676 2535 εχειν,
693 2462 851 2533 λέγειγοῦν
868 2460 932 2526 [scil.
941 2461 1145 2530 ΕσιρεᾱοοίοεΙ·
1161 2453 1239 2536 6660

556 2570 653 2634 οἴνωι
675 2566 804 2648 μᾶλλον
827 2569 1025 2652 ἐνάρθμιον,
1050 2571 1155 2654 αὐτὰρ
1179 2568 1300 2633 έλαίωι

552 2674 609 2735 οὐκ
632 2669 757 2734 ἐθέλει.

395 2787 460 2842 hino
476 2785 585 2856 Philop.
603 2787 697 2852 (immo
714 2782 839 2848 Michael)
859 2782 895 2837 do
912 2798 975 2853 gon.
987 2783 1070 2838 anim.
1082 2783 1116 2838 fr.
1133 2788 1220 2839 59110
1238 2788 1289 2842 καί
1306 2775 1349 2841 ὦν
1365 2788 1418 2856 μέν
1436 2786 1491 2845 είσι
1507 2783 1545 2847 τὰ
1564 2789 1659 2847 vm&

394 2875 444 2929 καί
461 2870 489 2928 σί
507 2868 596 2943 πόροι
614 2868 754 2972 (τουτέστι
771 2865 807 2925 τὰ
825 2872 910 2924 κοῖλα
927 2870 976 2923 καί
994 2863 1087 2925 πυκνόι
1101 2866 1251 2941 σύμμετρα
1270 2865 1345 2929 ὥστε
1357 2868 1498 2930 δύνασθαι
1515 2866 1555 2930 δι’
1573 2866 1658 2944 σῖλλὴ-

396 2961 456 3014 λαιν
471 2964 587 3027 χωρεῖν,
605 2953 718 3012 τούτων
735 2947 861 3023 ἔφασκεν
877 2953 955 3021 μίξιν
971 2956 1019 3009 καί
1037 2956 1141 3024 κρᾶσιν
1164 2948 1229 3012 οἷον
1252 2945 1356 3024 όόατος
1377 2962 1427 3015 καί
1450 2948 1590 3025 οίνσυ,ἶ
1568 2980 1612 3015 ων
1629 2959 1659 3018 66

397 3035 574 3111 όσόμμετρα,
595 3035 702 3108 ἄμικτα
726 3041 816 3094 ταῦτα
833 3031 960 3109 ἔφασκεν
978 3029 1099 3095 είναι”
1074 3058 1174 3109 ωσπερ
1196 3035 1294 3096 έλαισν
1315 3046 1365 3099 καί
1386 3033 1471 3116 ὕδωρ
1505 3046 1576 3116 φησί
1599 3041 1658 3119 γὰρ

393 3119 542 3198 ὕδωρ-
507 3122 614 3182 -ἐθέ
600 3117 681 3181 έ’λει
708 3127 798 3179 ταῦτα
824 3122 916 3194 λέγων
936 3119 1013 3181 κατὰ
1036 3121 1147 3190 παντὸς
1169 3121 1305 3192 σώματος
1331 3123 1383 3194 τὴν
1406 3128 1502 3185 αἰτίαν
1522 3133 1574 3201 τῆς
1597 3134 1657 3188 τῶν

395 3206 523 3282 ἡμιόνων
541 3203 675 3273 ἀτεκνίας
693 3200 828 3265 ἀπεδίδου
845 3207 944 3278 λέγων,
963 3197 1010 3264 ότι
1026 3204 1062 3266 τότ
1081 3214 1165 3265 κοῖλα
1183 3212 1232 3265 καί
1250 3206 1342 3268 πυκνὰ
1361 3212 1414 3269 τοῦ
1433 3212 1549 3270 ἱππείου
1566 3215 1657 3286 σπέρ-

395 3315 496 3365 ματος,
515 3289 625 3365 όμσίιος
644 3294 674 3351 δὲ
690 3295 740 3350 καί
757 3295 811 3350 τοῦ
826 3293 1006 3364 καταμηνίσυ
1022 3297 1073 3365 τῆς
1095 3288 1166 3352 όνσυ
1188 3288 1338 3360 (ένεισι
1305 3317 1367 3403 γαρ
1385 3318 1441 3355 και
1446 3291 1590 3356 ’ἐκεῖνον
1607 3304 1656 3358 καὶ

395 3378 428 3437 ἐν
445 3400 497 3438 τισι
512 3381 691 3452 καταμηνίωι
709 3371 802 3434 πυκνὰ
819 3379 868 3433 καὶ
884 3381 969 3433 κοῖλα
986 3367 1085 3448 ὥσπερ
1102 3380 1152 3435 καλ
1168 3375 1201 3435 έν
1218 3383 1263 3450 τῆι
1280 3384 1334 3438 τοῦ
1350 3377 1443 3439 ίππου
1453 3387 1548 3488 γρνῆι)
1566 3384 1603 3443 τό
1623 3381 1654 3456 δὴ

395 3471 480 3523 κοῖλα
497 3469 547 3523 καί
564 3460 656 3522 πυκνὰ
674 3459 850 3534 ἀμφοτέραιν
867 3466 926 3518 τῶν
938 3460 1121 3533 σπερμάτων,
1139 3467 1193 3520 τοῦ
1204 3483 1236 3521 τε
1249 3460 1320 3522 όνσυ
1331 3470 1381 3524 καί
1392 3472 1445 3525 τοῦ
1459 3464 1562 3536 ι’ππσυ,
1579 3464 1655 3543 ίνγρά

395 3553 444 3607 καὶ
461 3549 576 3619 μαλακὰ
596 3545 668 3606 όντα
687 3544 820 3605 δόνανται
837 3543 881 3604 διὰ
895 3543 947 3619 τὴν
957 3545 1145 3620 μαλακότητα
1156 3549 1313 3621 μίγνυσθαι
1325 3557 1384 3609 κτλ,
1403 3552 1437 3609 of,
1449 3553 1539 3609 Arist„
1552 3559 1656 3610 ‘147134

395 3636 451 3703 (cit.
463 3636 500 3691 ad
511 3635 545 3690 fr.
557 3638 601 3700 92)
619 3640 647 3690 et
664 3635 765 3688 723·18

501 3758 515 3808 1
535 3749 617 3810 σίνωι
633 3743 711 3822 6669
728 3754 840 3820 μᾶλλον
851 3750 904 3822 μὲν
922 3750 999 3807 Stein
1004 3769 1012 3819 3
1029 3752 1124 3821 potius
1135 3753 1243 3809 initium
1255 3753 1407 3810 Alexandri
1417 3756 1528 3813 videtur
1546 3765 1655 3814 senten·

394 3838 462 3893 tiam
480 3837 652 3892 declarantis.
686 3836 805 3892 fortasse
822 3827 912 3907 6669·
931 3832 1012 3893 οἴνωι
1036 3835 1088 3903 μὲν
1113 3834 1173 3910 γὰρ
1189 3843 1302 3906 μᾶλλον
1365 3838 1539 3912 ἐναρίθμιον
1560 3843 1655 3910 Alex„

396 3921 519 3992 Philop.:
539 3938 608 3978 corr.
626 3922 746 3976 Karsten
814 3925 830 3974 2
848 3918 942 3977 ἐθέλει
960 3936 997 3976 so.
1015 3917 1205 3993 ἐναρμόττειν

938 4127 970 4178 92
989 4129 1049 4190 [450
1067 4125 1112 4190 Κ.]

496 4208 597 4264 Amor
615 4208 651 4264 do
668 4224 731 4278 gen.
744 4207 825 4263 anim
837 4206 898 4261 Β8.
912 4212 974 4262 147
980 4213 1014 4263 34
1032 4211 1077 4276 (de
1100 4211 1260 4312 quamtione
1283 4212 1327 4270 διὰ
1345 4188 1375 4269 τί
1393 4207 1427 4269 τὸ
1447 4217 1507 4270 ταῖν
1524 4208 1654 4287 ἢμόνον

394 4289 520 4366 γένσς”
499 4313 610 4367 αγσνον
633 4293 667 4349 of
679 4290 709 4348 A
722 4297 754 4348 82
777 4309 804 4362 p
817 4295 860 4358 98)
877 4284 914 4348 Ἐ.
938 4287 965 4349 6'
988 4297 1114 4353 αἰτιᾶται
1137 4291 1171 4353 τὸ
1198 4305 1305 4367 μεῖγμα
1331 4295 1367 4354 τὸ
1391 4318 1451 4355 τιον
1477 4295 1653 4371 σπερμάτων

393 4381 526 4452 γίνεσθαι
543 4376 653 4437 πυκνόν
669 4377 702 4436 ἐκ
718 4381 848 4449 μαλακῆς
865 4379 915 4449 τῆς
936 4382 1023 4450 γονῆς
1042 4377 1127 4453 οὔσης
1144 4378 1228 4439 έκατέ
1214 4381 1293 4455 έ’ρας
1313 4379 1523 4454 συναρμόττειν
1539 4380 1598 4456 γὰρ
1616 4379 1651 4442 τὰ

392 4469 477 4523 κοῖλα
496 4474 558 4532 τοῖς
574 4473 693 4530 πυκνοῖς
711 4457 848 4534 όλλήλαιν,
864 4460 897 4520 ἐκ
915 4463 945 4521 δὲ
962 4468 1021 4521 ταῖν
1044 4462 1186 4525 τυισόταιν
1202 4468 1336 4539 γίνεσθαι
1359 4465 1393 4525 έκ
1409 4472 1550 4536 μαλακῶν
1567 4472 1651 4540 σκλη-

394 4547 449 4621 ρόν
466 4540 566 4621 όίσπερ
584 4553 645 4607 τῶι
662 4548 874 4618 καττιτέρωι
896 4550 1072 4621 μιχθέντα
1094 4548 1157 4609 τὸν
1172 4548 1319 4624 χαλκόν,
1341 4552 1433 4625 λέγων
1451 4545 1516 4610 οὔτ’
1534 4550 1582 4610 ἐπὶ
1600 4556 1653 4611 τοῦ

391 4639 503 4706 χαλκοῦ
523 4638 573 4692 καί
595 4638 647 4692 τσῦ
668 4633 838 4706 καττιτέρου
861 4632 914 4707 τῆν
936 4635 1033 4692 αἰτίαν
1056 4631 1155 4708 ὀρθῶς
1174 4682 1180 4694 .
1200 4678 1232 4693 ..
1257 4630 1325 4695 οὔθ’
1345 4628 1420 4704 όλιος
1440 4633 1474 4693 ἐκ
1496 4639 1655 4710 γνωρίμων

393 4715 568 4789 ποιούμενος
594 4715 646 4786 τὰς
667 4712 766 4791 όρχός.
802 4716 838 4778 τὰ
860 4716 918 4794 γὰρ
939 4726 1024 4778 κοῖλα
1046 4726 1095 4778 καί
1117 4717 1153 4780 τόι
1183 4720 1286 4792 στερεὰ
1311 4717 1497 4796 ἁρμόττοντα
1519 4716 1654 4796 α’λλὴλσις
