4117 5617
481 555 524 615 92
845 526 850 533 ’
966 549 1250 606 ουαευοοσιευ

482 724 545 778 τοία.
580 722 655 778 Α’έπ.
667 722 732 788 Π6,
744 726 760 775 3
779 721 823 787 [D.
836 725 895 786 334]
919 712 955 777 Ἐ.
978 718 1107 790 τὸνμὲν
1131 719 1235 790 αἰθέρα
1253 722 1372 793 πρῶτον
1389 723 1582 820 διακριθῆναι,
1604 719 1742 796 δεύτερον

484 805 571 866 δὲτὸ
594 811 664 879 πῦρ,
686 799 736 878 ἐφ’
755 807 790 862 ῶι
799 799 859 908 τήν
875 809 941 877 γῆν,
964 794 1028 872 ἐξ
1012 825 1045 877 ης
1062 801 1138 876 άγαν
1155 803 1414 906 περισφιγγομένης
1431 807 1476 875 τῆι
1493 800 1577 878 ρῦμηι
1595 811 1650 906 333=
1662 826 1741 879 περι·

483 897 579 966 φοράς
596 885 756 964 άναβλῦσαι
773 890 808 948 τό
826 881 915 962 όδωρ·
933 882 1015 957 ἐξ
981 910 1016 948 ου
1033 894 1207 961 θυμιαθῆναι
1224 887 1279 946 τόν
1296 882 1379 956 άέρα,
1395 891 1445 945 καί
1461 889 1598 961 γενέσθαι
1615 890 1672 949 τόν
1688 892 1742 960 μέν

486 971 613 1052 οῦρανόν
633 975 667 1034 έκ
688 981 741 1034 τοῦ
759 975 810 1033 αίθ
790 967 891 1047 θέρος,
913 975 967 1032 τόν
984 975 1015 1033 33
1036 965 1117 1047 ἡλιον
1138 973 1171 1032 έκ
1193 979 1247 1032 τοῦ
1270 970 1374 1044 πυρός,
1397 976 1604 1046 πιληθῆναιδὲ
1626 975 1660 1034 ἐκ
1682 981 1743 1034 τῶν

454 1059 579 1122 5άλλων
596 1058 632 1120 τὰ
651 1063 791 1135 περίγεια.

588 1186 629 1235 56.
646 1180 719 1235 Απι.
728 1179 797 1234 Π31
801 1178 890 1245 ‚4[D.
899 1183 959 1244 333]
975 1170 1012 1235 Ἐ.
1029 1181 1082 1235 τοῦ
1097 1167 1192 1251 όφους
1209 1181 1262 1235 τοῦ
1279 1169 1339 1235 άπὸ
1357 1180 1408 1279 τῆς
1423 1180 1475 1278 γῆς
1487 1175 1527 1244 είς
1538 1176 1593 1236 τόν
1604 1174 1741 1253 οόρανόν,

484 1257 545 1334 ἡτις
566 1260 686 1322 ἐστίν’
667 1258 723 1334 αφ’
740 1260 821 1336 ήμῶν
842 1257 993 1329 άνάτασις,
1015 1266 1136 1321 πλείονα
1159 1258 1277 1320 εἶναι
1249 1283 1301 1334 την
1317 1263 1392 1319 κατά
1410 1260 1445 1318 τό
1464 1262 1576 1330 πλάτος
1592 1263 1743 1324 διάστασιν

484 1343 559 1404 κατά
584 1347 672 1403 τοῦτο
696 1349 748 1403 τοῦ
772 1337 899 1415 σόρανοῦ
920 1348 1038 1413 μᾶλλον,
1055 1337 1296 1414 άναπεπταμένου
1318 1343 1365 1402 διὰ
1386 1343 1421 1402 τό
1445 1340 1516 1403 ῶιῶι
1533 1354 1743 1424 παραπλησίως

486 1425 540 1488 τὸν
560 1429 675 1499 κόσμον
690 1435 814 1487 κεῖσθαι.
851 1435 874 1496 1,
890 1434 906 1483 4
929 1429 974 1499 [D.
992 1431 1053 1494 328]
1072 1422 1110 1486 Ἐ.
1133 1426 1187 1486 τὸν
1209 1433 1262 1487 τοῦ
1278 1433 1308 1530 ηλ
1283 1423 1360 1485 λίου
1377 1431 1555 1504 περίδρομον
1572 1430 1645 1492 εἶναι
1663 1456 1742 1508 περι-

436 1527 464 1577 16
485 1511 599 1589 χραφὴν
616 1515 806 1588 τοῦπέρατος
823 1518 877 1572 τοῦ
892 1512 1015 1582 κόσμου.
1053 1516 1093 1579 16,
1105 1518 1120 1568 2
1141 1514 1187 1580 [D
1199 1517 1259 1576 339]
1278 1506 1313 1569 Ἐ
1331 1513 1406 1582 δεξιά
1425 1515 1478 1586 μέν
1497 1511 1586 1577 αὐτοῦ
1605 1521 1671 1586 [soil.
1690 1526 1742 1579 τοῦ

485 1597 608 1670 κόσμον]
627 1595 663 1658 τά
680 1595 756 1657 κατὰ
774 1594 828 1656 τὸν
845 1594 964 1669 θερινὸν
981 1593 1133 1670 τροπικόν,
1151 1591 1289 1670 άριστερά
1308 1594 1393 1658 δὲτὰ
1408 1597 1484 1659 κατὰ
1503 1601 1557 1659 τόν
1566 1605 1741 1679 χειμερινόν.

589 1739 630 1791 51.
647 1735 832 1802 Απτ.Π11,2
846 1734 890 1799 [D.
901 1738 961 1799 333]
977 1727 1014 1792 Ἐ.
1031 1733 1201 1804 στερέμνιον
1218 1731 1290 1792 εἶναι
1308 1731 1362 1791 τὸν
1380 1729 1509 1808 οόρανόν
1524 1736 1557 1805 έξ
1573 1733 1661 1811 άέρος
1673 1761 1742 1811 συμ·

486 1821 629 1893 παγέντος
646 1815 702 1878 έπό
721 1819 813 1893 πυρός
829 1822 1082 1893 κρυσταλλοειδῶς,
1099 1815 1134 1876 τὸ
1153 1823 1280 1893 πυρῶδες
1297 1823 1347 1877 καί
1365 1816 1398 1878 τὸ
1417 1816 1543 1896 άερῶδες
1559 1823 1591 1882 ἐν
1603 1821 1743 1897 έκατὲρωι

486 1910 546 1962 τῶν
565 1899 759 1978 ἡμισφαιρίων
776 1905 956 1976 περιέχοντα.
990 1902 1398 1973 LAcrAM.deopif.dei17,3
1421 1924 1460 1963 στι
1476 1907 1502 1962 si
1517 1909 1587 1964 mihi
1604 1911 1743 1981 ραίαρῦαιιι

436 2001 464 2051 15
486 1990 588 2046 όῖπιιῦί
604 2007 717 2045 aeneum
734 2006 790 2045 ωεο
807 1990 911 2045 caelum
928 1991 980 2043 σαί
993 1988 1111 2042 vitreum
1126 1992 1177 2043 aut
1187 1988 1406 2059 ιιίΕνπροόοοίσι
1417 1993 1467 2058 αλδ,
1484 2009 1574 2050 aerem
1583 1997 1741 2066 φίσοίσίιανι,

486 2076 614 2132 οίιιδῖιιιιιο
631 2076 785 2130 assentiar?
802 2080 846 2141 [ex
862 2075 995 2130 Varronis
1011 2072 1158 2128 Tuberone
1175 2072 1209 2128 cf.
1222 2075 1238 2142 ξ
1251 2078 1274 2128 5.
1293 2074 1460 2141 Dox.198¹].

590 2198 631 2249 52.
648 2192 875 2259 Am.114,.8[1>
885 2196 944 2258 331]
960 2185 996 2248 Ἐ
1015 2190 1070 2249 τόν
1086 2189 1200 2260 κόσμον
1217 2194 1392 2264 φθείρεσθαι
1408 2191 1483 2253 κατὰ
1502 2191 1554 2269 τὴν
1570 2191 1742 2271 άντεπικρά·

487 2301 568 2338 τειαν
584 2283 637 2337 τοῦ
655 2280 778 2343 Νείκους
794 2281 843 2334 καὶ
860 2281 910 2348 τῆς
929 2278 1038 2342 Φιλίας.
1068 2277 1167 2332 Sum..
1180 2276 1417 2345 (1365610233ρθ
1437 2279 1512 2340 οἶδέ
1529 2280 1654 2351 ἐναλλάξ
1668 2287 1743 2355 γίνε-

487 2372 557 2422 σθαι
573 2367 622 2421 καί
639 2364 816 2467 φθείρεσθαι
834 2362 888 2419 τόν
905 2355 996 2419 αότόν
1012 2365 1062 2419 καί
1079 2361 1165 2419 πάλιν
1175 2361 1332 2462 γινόμενον
1343 2360 1429 2421 πάλιν
1421 2369 1513 2465 θίφθε
1513 2374 1617 2441 ρεσθαι
1629 2370 1675 2440 [sc.
1690 2366 1744 2426 τὸν

436 2461 465 2510 26
485 2445 637 2519 κόσμονΙί
635 2449 748 2520 έγουσι,
765 2450 814 2503 καὶ
832 2441 924 2504 άίδιον
941 2442 1014 2504 εἶναι
1031 2441 1084 2518 τὴν
1100 2442 1236 2519 τοιαύτην
1253 2440 1431 2520 διαδοχήν,
1412 2441 1511 2524 ω’σπερ
1523 2449 1559 2508 Ἐ.
1576 2447 1628 2529 τὴχ
1641 2455 1706 2509 Φιί’
1689 2473 1744 2510 ιαν

488 2534 580 2614 λέγων
600 2536 650 2590 καί
673 2527 707 2588 τό
727 2536 833 2597 Νεῖκος
855 2527 935 2605 παρὰ
958 2531 1048 2605 μέρος
1069 2528 1330 2603 ἐπικρατοῦντα
1303 2553 1355 2604 την
1370 2533 1424 2602 μέν
1441 2531 1574 2608 συνάγειν
1591 2535 1627 2595 τά
1646 2533 1743 2594 πάντα

488 2619 528 2684 εις
545 2615 577 2675 έν
593 2621 642 2674 καί
658 2615 790 2690 φθείρειν
807 2615 861 2673 τόν
878 2637 931 2674 του
918 2619 1067 2683 Νείκους
1082 2607 1198 2686 κόσμον
1214 2621 1262 2673 καί
1280 2627 1375 2675 ποιεῖν
1390 2614 1467 2686 έξ’
1432 2625 1521 2679 αυτοῦ
1533 2616 1587 2678 τὸν
1599 2627 1744 2695 Σφαῖρον,

488 2700 523 2760 τό
547 2702 577 2759 δέ
596 2707 701 2768 Νεῖκος
724 2704 878 2774 διακρίνειν
899 2702 985 2762 πάλιν
1009 2697 1045 2759 τά
1068 2710 1198 2773 στοιχεῖα
1219 2704 1268 2758 καί
1290 2712 1385 2760 ποιεῖν
1406 2703 1460 2761 τὸν
1476 2709 1613 2764 τοιοῦτον
1628 2703 1745 2777 κόσμον

489 2793 556 2854 [tum
573 2789 640 2843 citat
655 2788 689 2842 fr.
703 2792 744 2853 17,
757 2792 848 2857 [sqq]
866 2792 924 2853 305,
937 2793 969 2842 21
993 2784 1117 2846 Πλάτων
1139 2788 1189 2842 καί
1210 2777 1249 2842 Ἐ.
1271 2791 1320 2843 καί
1337 2780 1529 2862 Ἀναξαγόρας
1547 2794 1597 2848 καί
1615 2789 1693 2848 οῖ’)
1661 2815 1679 2849 α
1681 2797 1744 2849 λλοι

436 2884 466 2934 25
487 2876 605 2944 φυσικοί
626 2871 679 2944 τήν
702 2877 762 2929 τῶν
784 2873 932 2930 συνθέτων
955 2867 1015 2931 άπὸ
1039 2877 1099 2930 τῶν
1115 2864 1218 2929 άπλῶν
1235 2871 1347 2943 γένεσιν
1362 2872 1439 2931 κατά
1458 2873 1512 2931 τόν
1528 2873 1561 2943 ἐξ
1575 2870 1745 2944 ὑποθέσεως

488 2960 594 3014 τοῦτον
612 2954 725 3029 τρόπον
742 2960 769 3023 [i.
782 2974 805 3013 e.
824 2960 1005 3024 διδασκαλίας
1022 2955 1108 3029 χάριν
1125 2961 1183 3025 364,
1194 2961 1219 3022 5]
1236 2958 1391 3026 φαίνονται
1402 2952 1609 3031 παραδιδόντες
1620 3001 1627 3017 .
1638 3000 1661 3016 ..
1674 2957 1746 3020 ῶσεὶ

487 3045 536 3098 καί
559 3045 749 3115 προϋπῆρχον
771 3047 824 3099 τῶι
846 3039 956 3114 χρόνωι
980 3042 1017 3102 τὰ
1039 3041 1071 3110 ἐξ
1091 3033 1186 3098 ὦνί
1155 3044 1265 3113 γίνεται
1287 3037 1323 3100 τὰ
1346 3039 1493 3115 γινόμενα.
1530 3052 1625 3102 contra
1641 3047 1744 3102 Αεαεα.

487 3126 607 3195 Metaph.
617 3129 671 3182 Β4.
685 3129 803 3184 1666218
823 3122 857 3186 οῦ
874 3124 932 3203 γὰρ
950 3123 985 3187 τά
1003 3127 1057 3198 μέν
1075 3124 1202 3199 φθαρτά,
1221 3147 1256 3185 τα
1248 3121 1303 3183 δ’
1320 3123 1460 3202 ἄφθαρτα
1477 3139 1556 3187 ποιεῖ
1566 3135 1626 3187 τῶν
1639 3128 1745 3202 όντων,

489 3205 554 3270 άλλ’
573 3204 688 3270 άπαντα
706 3212 826 3286 φθαρτά
845 3210 918 3286 πλὴν
936 3218 995 3271 τῶν
1013 3213 1175 3283 στοιχείων.

436 3345 466 3394 30
590 3336 631 3386 53.
648 3332 723 3387 Am.
733 3332 894 3399 Π13,2]Ι)
905 3337 965 3396 341]
982 3324 1021 3389 Ἐ.
1040 3331 1144 3405 πύρινα
1163 3333 1209 3395 [ευ.
1222 3337 1294 3387 ειναι
1312 3330 1347 3389 τὰ
1361 3328 1745 3407 άστρα]έκτοῦπυρω’δοι·ς,

489 3407 564 3487 ὅπερ
583 3411 599 3473 3
619 3409 675 3490 άήρ
692 3414 754 3472 ένι
743 3421 847 3474 εαυτῶι
864 3417 1007 3491 περιέχων
1023 3413 1194 3488 ἐξανέθλιψε
1212 3411 1287 3473 κατά
1306 3412 1358 3488 τὴν
1375 3414 1492 3491 πρῶτην
1508 3413 1656 3491 διάκρισιν.

590 3541 632 3591 54.
653 3537 730 3591 Imm
742 3535 824 3599 Π13,
838 3539 868 3588 11
888 3534 932 3600 [D.
945 3539 1005 3600 342]
1027 3527 1065 3592 Ἐ.
1089 3529 1156 3599 τοὺς
1179 3532 1233 3603 μέν
1254 3528 1391 3601 άπλανεῖς
1412 3528 1537 3607 άστέρας
1559 3537 1745 3597 συνδεδέσθαι

488 3625 540 3678 τῶι
557 3616 744 3694 κρυστάλλωι,
762 3615 831 3685 τοὺς
848 3619 879 3677 33
895 3615 1043 3691 πλανήτας
1061 3612 1203 3677 άνεῖσθαι.

592 3743 632 3793 55.
650 3739 775 3794 Aoum..
788 3739 818 3793 in
829 3739 910 3794 Amt.
925 3742 956 3792 16
973 3755 1001 3808 p.
1013 3743 1083 3805 43,2
1102 3739 1201 3795 Μσεεε.
1231 3738 1285 3796 εἰσὶ
1302 3737 1332 3794 δέ
1350 3735 1379 3794 οἳ
1396 3742 1515 3810 πρῶτον
1532 3733 1586 3796 τόν
1602 3730 1684 3814 ἡλιον
1702 3741 1745 3799 λέ·

437 3837 466 3886 35
487 3844 587 3896 γουσιν
608 3824 743 3897 δευτέραν
765 3825 794 3882 δέ
816 3823 868 3896 τὴν
890 3820 1023 3897 σελήνην,
1047 3826 1148 3896 τρίτον
1171 3824 1201 3882 δὲ
1218 3823 1271 3881 τὸν
1289 3818 1416 3894 Κρόνον.
1451 3818 1468 3896 3
1492 3824 1522 3882 δὲ
1543 3827 1652 3883 πλείων
1673 3825 1744 3895 δόξα

489 3907 608 3980 πρώτην
629 3904 682 3980 τὴν
703 3906 836 3982 σελήνην,
857 3906 920 3967 έπεί
940 3912 990 3967 καὶ
1011 3904 1194 3979 άπόσπασμα
1212 3913 1265 3967 τοῦ
1282 3903 1364 3980 ἡλίου
1380 3908 1512 3981 λέγουσιν
1529 3903 1633 3983 αῦτήν,
1658 3907 1745 3979 ὡςδὲ

490 3997 546 4057 [καὶ
563 3993 663 4059 Maass]
679 3986 714 4051 Ἐ.
728 3991 1000 4068 “κυκλοτερές-
1012 3997 1067 4066 φῶ
1073 3987 1099 4061 ς’
1118 3994 1159 4060 [fr.
1172 3999 1224 4060 45].

592 4117 633 4167 56.
651 4113 854 4180 Am.1120,13
872 4114 917 4180 [D.
927 4118 985 4178 356]
1004 4107 1040 4171 Ἐ.
1058 4113 1108 4172 δῦο
1126 4106 1235 4184 ἡλίους·
1254 4105 1378 4181 τὸνμὲν
1395 4105 1566 4184 άρχέτνπον,
1584 4119 1641 4187 πῦρ
1661 4111 1696 4172 όν
1712 4114 1745 4173 έν

490 4200 542 4254 τῶι
564 4194 665 4268 έτέρωι
688 4192 875 4272 ἡμισφαιρίωι
896 4202 949 4257 τοῦ
965 4197 1093 4267 κόσμον,
1117 4192 1307 4271 πεπληρωκὸς
1324 4191 1359 4253 τὸ
1378 4192 1579 4273 ἡμισφαίριον,
1603 4201 1657 4258 αἰεί
1674 4197 1744 4259 κατ’

438 4296 467 4345 46
488 4275 607 4354 άντικρῦ
625 4285 670 4355 τήι
688 4276 856 4355 άνταυγείαι
874 4280 979 4342 ἑαυτοῦ
996 4282 1186 4354 τεταγμένον·
1206 4277 1260 4340 τὸν
1277 4283 1307 4340 δέ
1324 4275 1511 4354 φαινόμενον,
1528 4277 1701 4357 άνταόγειαν
1712 4284 1745 4343 έν

489 4371 543 4424 τῶι
564 4365 664 4440 έτέρωι
683 4361 870 4440 ἡμισφαιρίωι
888 4372 942 4425 τῶι
960 4371 1014 4426 τοῦ
1030 4361 1119 4441 άέρος
1136 4371 1189 4425 τοῦ
1206 4371 1403 4441 θερμομιγοῦς
1420 4370 1659 4441 πεπληρωμένοι,
1682 4364 1743 4429 άπὸ

488 4455 680 4525 κυκλοτεροῦς
702 4457 752 4524 τῆς
772 4457 824 4525 γῆς
845 4447 915 4510 κατ’
936 4446 1097 4511 άνάκλασιν
1117 4453 1287 4525 γιγνομένην
1309 4452 1351 4520 [ef.
1369 4453 1442 4508 Plut.
1458 4454 1495 4509 ad
1510 4453 1543 4510 fr.
1561 4460 1604 4520 44]
1627 4456 1668 4522 εἰς
1691 4454 1745 4514 τόν

489 4531 570 4610 ἡλιον
587 4535 640 4596 τὸν
656 4542 887 4613 κρυσταλλοειδῆ,
904 4539 1183 4610 συμπεριελκομένην
1201 4538 1231 4596 33
1248 4543 1292 4610 τῆι
1308 4535 1416 4611 κινήσει
1434 4543 1486 4598 τοῦ
1502 4542 1632 4612 πυρίνου.
1663 4535 1703 4608 ὣς
1715 4542 1746 4600 33

489 4619 993 4776 353233321333333351133333333333
1005 4616 1187 4725 3333373333
1201 4619 1273 4726 εἶναι
1291 4629 1343 4726 τοῦ
1361 4628 1427 4725 περὶ
1445 4645 1497 4697 την
1513 4628 1568 4697 γῆν
1585 4625 1679 4698 πυρός
1690 4623 1746 4684 τὸν

438 4723 505 4781 45η
534 4730 577 4766 ον.
649 4752 655 4778 ,
739 4750 746 4764 .
838 4728 904 4766 ισον
920 4728 966 4780 τηι
982 4729 1029 4781 γηι
1047 4727 1101 4765 τον
1118 4730 1193 4767 κατα
1213 4729 1264 4782 την
1282 4729 1462 4781 ανταυχειαν.
