4117 5617
612 571 856 630 PARIIENIDES
873 574 911 629 A.
929 573 1029 629 TEST.
1048 574 1169 630 VITAE
1189 580 1263 630 1-6.
1527 578 1570 637 49

311 749 428 825 μάτων
446 744 642 832 φιλοσοφεῖ,
664 749 825 832 καθάπερ
846 740 1004 824 Ἡσίοδός
1027 769 1063 811 τε
1086 751 1142 811 καί
1158 746 1357 836 Ξενοφάνης
1379 753 1436 813 καί
1455 742 1572 830 Ἐμπε-

314 845 442 933 δοκλης.
497 851 670 934 κριτήριον
704 845 740 912 δὲ
774 852 832 911 τόν
866 847 964 932 λόγον
998 847 1093 912 εἶπε·
1145 853 1207 926 τάς
1240 872 1276 913 τε
1310 854 1495 938 αἰσθήσεις
1526 857 1571 940 μη

314 952 464 1035 ἀκριβεῖς
485 953 658 1036 ὑπάρχειν.
706 953 792 1037 φησί
813 960 907 1034 γοῦν·
928 945 1295 1036 (μηδέ-ἔλεγχον
1323 949 1371 1037 [fr.
1389 956 1416 1028 1,
1432 949 1570 1038 34—36]

399 1050 452 1115 διό
482 1054 539 1114 καί
566 1055 647 1137 περί
677 1057 782 1116 αὐτοῦ
809 1071 914 1140 φησιν
944 1057 963 1116 ό
988 1058 1120 1134 Τίμων·
1146 1049 1302 1139 [fr.4w.]
1325 1048 1622 1142 εΠαρμενίδου-23

274 1165 289 1214 5
312 1146 453 1228 νώσεις.
541 1157 591 1231 είς
613 1163 732 1218 τοῦτον
754 1158 811 1218 καί
826 1155 974 1219 Πλάτων
997 1158 1056 1220 τόν
1080 1155 1238 1240 διάλογον
1260 1163 1409 1243 γέγραφε
1422 1150 1572 1244 τΠαρμε-

312 1249 422 1340 νίδην’
448 1259 645 1341 ἐπιγράψας
670 1249 710 1342 εἢ
734 1259 815 1342 περὶ
839 1250 964 1321 ίδεῶν’.
1052 1253 1176 1343 ἤκμαζε
1200 1256 1237 1321 δὲ
1263 1261 1347 1321 κατά
1371 1263 1430 1346 τὴν
1453 1263 1573 1345 ἐνάτην

312 1360 369 1420 καὶ
392 1355 573 1444 ἑξηκοστὴν
596 1355 792 1438 ὀλυμπιάδα
810 1353 1017 1443 [504-501].
1106 1362 1163 1423 καί
1187 1357 1284 1424 δοκεῖ
1302 1369 1438 1447 πρῶτος
1454 1383 1572 1448 πεφω-

314 1463 451 1544 ρακέναι
466 1462 524 1522 τόν
537 1462 638 1522 αὐτόν
650 1453 909 1545 είναιἝσπερον
920 1463 977 1524 καί
991 1464 1195 1548 Φωσφόρον,
1213 1465 1259 1539 ὥς
1272 1480 1359 1549 φησι
1372 1465 1578 1549 ΦαβωρῖνοςΙ

314 1565 349 1624 ἐν
372 1566 537 1639 πέμπτωι
556 1554 946 1646 Ἀπομνημονευμάτων·
978 1566 1012 1625 οί
1036 1559 1071 1625 δέ
1095 1566 1315 1650 Πυθαγόραν.
1355 1563 1573 1645 Καλλίμαχος

262 1674 291 1723 16
315 1661 352 1727 δέ
376 1681 462 1749 φησι
484 1666 528 1749 μὴ
553 1661 642 1725 εἶναι
664 1667 770 1726 αὐτοῦ
791 1667 829 1726 τό
847 1667 990 1749 ποίημα.
1026 1663 1159 1748 λέγεται
1181 1662 1218 1728 δδ
1240 1668 1296 1728 καί
1312 1670 1435 1745 νόμους
1454 1669 1573 1731 θεῖναι

315 1771 388 1842 τοῖς
411 1762 580 1842 πολίταις,
605 1767 651 1841 ὥς
668 1782 755 1851 φησι
773 1767 1002 1842 Σπεύσιππος
1024 1771 1060 1830 ἐν
1082 1775 1146 1831 τῶι
1160 1770 1248 1853 Περί
1265 1767 1477 1855 φιλοσόφων.
1515 1773 1571 1833 καί

315 1876 453 1954 πρῶτος
475 1870 645 1953 ἐρωτῆσαι
666 1870 725 1929 τόν
737 1859 890 1946 Ἀχιλλέα
914 1865 1021 1950 λόγον,
1046 1872 1093 1944 ὡς
1116 1871 1317 1954 Φαβωρῖνος
1340 1873 1375 1932 ἐν
1394 1869 1571 1935 Παντοδα-

315 1979 381 2056 πῆι
404 1970 563 2054 ἱστορίαι.
652 1975 765 2052 γέγονε
789 1967 825 2032 δέ
848 1972 904 2032 καί
933 1973 1048 2055 ἕτερος
1070 1969 1297 2057 Παρμενίδης,
1326 1973 1437 2058 ῥητωρ
1461 1995 1571 2053 τεχνο-

314 2075 456 2158 γράφος.

384 2260 399 2308 6
419 2258 468 2312 καί
487 2252 610 2312 Πλάτων
627 2253 681 2312 τόν
698 2256 788 2310 om.B
867 2259 883 2309 8
900 2261 966 2325 post
982 2254 1113 2325 πέμπτοι
1126 2255 1190 2310 αδδ
1209 2261 1268 2313 τῶν
1279 2257 1366 2327 vulgo
1437 2261 1452 2311 9
1474 2262 1571 2316 Πυθα·

315 2337 418 2414 γάραν]
437 2339 472 2396 cf.
490 2340 558 2396 VIII
577 2344 609 2395 11
680 2344 712 2394 16
731 2333 830 2405 αὐτοῦ]
849 2340 1026 2411 Pythagorae

403 2548 428 2598 2.
446 2543 561 2599 Suum.

401 2648 619 2736 Παρμενίδης
651 2652 809 2735 Πύρητος
834 2642 988 2736 Ἐλεάτης
1016 2649 1211 2737 φιλόσοφος
1243 2654 1402 2739 μαθητὴς
1428 2656 1572 2734 γεγονὼς

315 2749 534 2839 Ξενοφάνους
562 2761 624 2816 τοῦ
651 2750 886 2837 Κολοφωνίου,
916 2755 962 2828 ὡς
990 2749 1025 2815 δὲ
1057 2753 1280 2838 Θεόφραστος
1306 2746 1571 2841 Ἀναξιμάνδρου

315 2863 379 2917 τοῦ
398 2853 584 2940 Μιλησίου.
630 2857 734 2916 αὐτοῦ
755 2852 790 2917 δέ
814 2852 969 2934 διάδοχοι
997 2857 1149 2936 ἐγένοντο
1169 2847 1393 2942 Ἐμπεδοκλῆς
1415 2878 1451 2920 τε
1474 2860 1493 2919 δ
1515 2860 1571 2920 καί

317 2955 512 3043 φιλόσοφος
534 2959 591 3019 καὶ
619 2958 735 3041 ἰατρός
761 2958 817 3018 καί
841 2959 958 3041 Ζήνων
988 2948 1188 3040 όἘλεάτης.
1233 2959 1362 3041 ἔγραψε
1392 2955 1427 3021 δὲ
1452 2975 1572 3044 φυσιο-

317 3057 433 3141 λογίαν
457 3050 505 3121 δι’
524 3061 617 3121 ἐπῶν
640 3061 696 3121 καί
712 3056 797 3120 ἄλλα
819 3060 895 3120 τινά
910 3055 1151 3142 καταλογάδην,
1176 3057 1222 3120 ὥν
1244 3063 1411 3143 μέμνηται
1425 3058 1571 3124 Πλάτων

319 3155 425 3244 [Soph.
441 3161 502 3221 237
515 3154 568 3243 A].

403 3347 427 3397 3.
445 3343 530 3398 Dtoo.
546 3342 602 3397 113
621 3338 796 3414 Ἀναξιμένης
813 3334 1020 3414 Εὐρυστράτου
1038 3332 1188 3412 Μιλήσιος,
1205 3337 1330 3412 ἤκουσεν
1347 3335 1571 3415 Ἀναξιμάνδρου,

315 3423 386 3485 ἔνιοι
405 3427 435 3485 δὲ
456 3430 505 3484 καί
523 3429 706 3502 Παρμενίδου
729 3430 817 3499 φασίν
839 3419 962 3484 άκοῠσαι
985 3418 1076 3483 αὐτόν
1093 3425 1136 3492 [cf.
1155 3427 1191 3482 ad
1208 3428 1322 3493 Α1,1].

419 3551 444 3600 4.
462 3546 642 3601 Imucflns
660 3545 693 3601 V.
706 3545 787 3618 Pyth.
801 3550 850 3600 166
870 3551 913 3610 [ex
924 3544 1101 3610 Nicomacho]
1125 3549 1175 3602 καί
1193 3548 1260 3619 περί
1282 3548 1342 3601 τῶν
1360 3551 1488 3616 φυσικῶν
1506 3540 1572 3604 ὅσοι

315 3626 380 3690 τινά
394 3634 498 3701 μνείαν
510 3634 683 3702 πεποίηνται
696 3635 816 3703 πρῶτον
828 3622 1018 3699 Ἐμπεδοκλέα
1030 3635 1080 3687 καί
1095 3633 1276 3703 Παρμενίδην
1291 3625 1346 3687 τὸν
1356 3623 1488 3704 Ἐλεάτην
1499 3651 1571 3704 προ·

314 3714 476 3791 φερόμενοι
488 3712 678 3789 τυγχάνουσιν
694 3717 761 3781 (scil.
780 3724 810 3771 ut
821 3716 928 3771 Italiam
939 3715 1068 3770 floruisse
1079 3715 1270 3785 philosophiae
1286 3715 1368 3771 laudo
1385 3733 1402 3771 a
1413 3716 1573 3787 Pythagora

315 3802 537 3867 demonstretur).
571 3802 702 3856 Pnoems
723 3803 753 3855 in
769 3801 859 3856 Pann.
876 3800 890 3854 Ι
906 3817 934 3869 p.
947 3804 1006 3866 619,
1022 3805 1039 3854 4
1057 3800 1153 3866 (Cous.
1165 3802 1227 3856 Par.
1241 3805 1317 3867 1864)
1340 3796 1443 3871 ταύτης
1465 3794 1493 3856 δ’
1522 3792 1573 3858 οὖν

316 3878 391 3960 άπερ
410 3885 529 3957 εἴπομεν
556 3891 607 3956 τῆς
629 3884 732 3959 ἑορτῆς
755 3882 841 3957 οὔσης
863 3878 1008 3956 άφίκοντο
1033 3888 1213 3957 Παρμενίδης
1233 3889 1282 3941 καί
1306 3880 1407 3956 Ζήνων
1429 3879 1573 3958 Ἀθήναζε,

314 3963 487 4038 διδάσκαλος
503 3971 557 4040 μὲν
576 3966 592 4028 δ
611 3976 646 4029 Π.
665 3966 708 4027 σίν
718 3971 849 4043 μαθητὴς
866 3965 894 4027 δ’
915 3965 931 4026 δ
945 3966 1054 4042 Ζήνων,
1071 3964 1200 4027 Ἐλεᾶται
1217 3962 1248 4024 δ’
1260 3964 1349 4040 άμφω
1364 3973 1414 4026 καί
1432 3964 1466 4026 οδ
1483 3976 1572 4029 τοῦτο

313 4052 416 4126 μόνον,
436 4051 508 4113 άλλά
530 4060 580 4114 καί
604 4061 656 4113 τοῦ
674 4060 879 4130 Πυθαγορικοῦ
902 4056 1099 4112 διδασκαλείου
1121 4045 1331 4124 μεταλαβόντε,
1354 4050 1490 4127 καθάπερ
1516 4076 1573 4113 που

313 4143 364 4196 καί
381 4138 552 4212 Νικόμαχος
570 4143 618 4206 [sie
631 4141 678 4197 OD
691 4149 719 4197 et
731 4141 861 4211 Gogava:
879 4141 961 4196 οεεειί
980 4141 1183 4211 Καλλίμαχος].
1218 4138 1292 4193 Vm
1308 4138 1483 4210 Pythagorae
1500 4140 1572 4196 Pho·

313 4225 391 4280 tiana
408 4242 431 4281 ο
443 4229 493 4280 249
511 4242 538 4294 p.
550 4229 619 4281 439·
630 4230 662 4280 36
681 4222 800 4297 Ζήνωνα
817 4229 867 4281 καὶ
880 4225 1060 4299 Παρμενίδην
1077 4219 1144 4290 τοὺς
1155 4217 1301 4289 Ἔλεάτας·
1317 4226 1366 4278 καὶ
1379 4213 1459 4279 οὗτοι
1477 4223 1507 4279 δὲ
1524 4226 1572 4293 τῆς

317 4306 495 4382 Πυθαγόρου
511 4300 586 4383 ἦσαν
604 4314 758 4384 διατριβῆς.

419 4433 443 4482 6.
461 4429 557 4484 Ρτιτο
579 4429 691 4485 Theaet.
711 4429 792 4484 183ss
816 4428 952 4494 [Socrates
974 4428 1103 4496 loquitur]
1129 4430 1162 4483 11.
1181 4427 1210 4483 δέ
1232 4446 1282 4495 μοι
1305 4427 1439 4497 φαίνεται
1461 4424 1496 4481 τό
1520 4427 1573 4482 τοῦ

308 4506 432 4587 Ὁμήρου
449 4510 560 4581 αίδοῖός
583 4515 683 4584 τέμοι
700 4510 772 4571 εἶναι
789 4505 850 4583 άμα
869 4509 964 4578 δεινός
980 4528 1026 4569 τε·
1052 4511 1278 4583 συνπροσέμειξα
1297 4505 1353 4584 γάρ
1371 4505 1402 4582 δὴ
1421 4513 1474 4567 τῶι
1492 4503 1572 4582 άνδρί

313 4593 390 4655 πάνυ
408 4598 475 4664 νέος
492 4597 568 4656 πάνυ
579 4595 736 4671 πρεσβύτηι
753 4601 805 4654 καί
821 4617 872 4668 μοι
889 4593 981 4669 ἐφάνη
992 4593 1090 4668 βάθος
1108 4617 1135 4652 τι
1153 4592 1228 4667 ἔχειν
1245 4591 1413 4653 παντάπασι
1429 4605 1571 4666 γενναῖον.

314 4682 436 4753 Sophist.
449 4689 498 4738 217
509 4683 532 4739 G
549 4679 586 4740 δι’
598 4680 776 4758 ἐρωτήσεων,
795 4676 861 4739 οἶόν
872 4702 946 4739 ποτε
960 4685 1008 4739 καί
1021 4682 1196 4755 Παρμενίδηι
1207 4681 1359 4753 χρωμένωι
1375 4684 1424 4738 καί
1442 4676 1572 4748 διεξιόντι

366 4777 464 4830 Diels,
479 4777 563 4821 Poetae
576 4778 657 4832 philos.
1351 4771 1367 4820 4
