4117 5617
580 554 988 611 31133331313-13.
1023 555 1055 608 B.
1068 554 1124 609 PR.
1142 554 1264 608 ΣΙΛΛΩΝ
1282 555 1501 614 PRAEFATIO
1608 562 1668 620 183

416 725 524 781 duobus
547 724 624 781 libris
641 724 760 795 Necyiae
777 723 893 780 formam
915 724 1001 780 tuisse
1018 724 1073 778 iam
1090 741 1107 779 a
1124 724 1235 780 comicis
1257 726 1381 782 similiter
1403 727 1539 784 detortam
1556 732 1616 785 veri
1633 731 1668 786 si-

414 811 566 866 millimum.
601 815 631 864 at
647 808 777 878 inprime
795 808 865 864 libro
882 808 950 863 nihil
968 810 1045 879 cogit
1060 814 1092 863 31
1109 809 1183 878 apud
1200 809 1303 866 inferos
1320 827 1377 866 rem
1394 821 1482 868 actam
1500 829 1668 870 333313333-

415 897 487 950 sario
499 894 675 950 existimetur.
703 893 788 948 immo
806 909 841 949 13
858 910 914 949 313
926 895 1037 964 quidem
1049 893 1235 961 33313131333,
1253 896 1405 965 3311313133
1422 902 1539 952 3133311
1551 899 1668 968 3313333

414 981 491 1035 311133
507 978 639 1034 irridendi
661 983 690 1033 31
706 977 807 1047 agendi
829 977 946 1032 formam
969 977 1098 1034 habuisse
1115 979 1233 1035 videtur.
1269 979 1394 1036 similiter
1412 980 1528 1037 Cratetis
1545 982 1668 1053 Paegnia

414 1081 430 1119 3
446 1063 571 1134 pluribus
588 1062 663 1118 haud
680 1062 720 1117 ita
736 1062 845 1131 magnis
862 1063 931 1117 sillis
947 1064 1101 1132 composita
1118 1065 1208 1120 eredo

378 1197 380 1199 ,
515 1146 596 1217 primi
613 1147 675 1203 libri
692 1153 758 1216 post
773 1147 1001 1214 Prooemium,
1024 1148 1054 1202 in
1072 1164 1127 1218 333
1145 1149 1334 1206 Ptolemaeum
1357 1157 1386 1207 ct
1402 1151 1576 1221 Antigonum
1594 1167 1667 1207 com-

413 1240 579 1289 memoratos
602 1249 662 1288 esse
683 1231 789 1287 conicio
812 1231 856 1296 [ci.
873 1232 909 1287 ad
921 1234 952 1287 A
970 1237 983 1287 1
1003 1236 1019 1299 1
1039 1237 1097 1300 110]
1120 1241 1149 1291 31
1167 1236 1341 1304 parodiarum
1362 1235 1496 1305 quosdam
1516 1241 1614 1304 poetas
1636 1242 1668 1292 31

412 1317 536 1373 Timonis
553 1318 710 1373 decessores
722 1317 851 1372 laudatos
869 1316 911 1382 [ir.
923 1319 959 1384 2],
977 1318 1049 1374 duae
1060 1319 1089 1374 in
1101 1320 1222 1390 131133113
1234 1320 1314 1376 133113
1325 1321 1546 1392 internoscantur
1556 1336 1665 1376 scenae:

413 1419 468 1458 313
483 1402 600 1472 Pugna
616 1400 906 1474 philosophorum
924 1402 961 1458 ad
978 1403 1073 1459 iliadis
1091 1404 1227 1474 (inprimis
1243 1405 1289 1470 A)
1307 1403 1488 1460 imitationem
1505 1407 1665 1475 composita,

413 1488 498 1544 altera
514 1488 673 1543 Piscatus
689 1485 983 1557 philosophorum.

514 1575 543 1627 in
556 1573 673 1642 Pugna
684 1571 824 1641 sophistae
835 1573 913 1627 varia
923 1573 995 1628 inter
1011 1589 1041 1629 se
1052 1573 1156 1643 proelia
1172 1575 1294 1630 miscent.
1319 1575 1451 1644 praecinit
1461 1589 1555 1629 3311113
1573 1575 1666 1644 33331-

412 1659 478 1716 latio
495 1659 530 1714 ir.
548 1662 571 1727 1,
588 1664 647 1712 tum
664 1673 747 1712 causa
762 1657 838 1711 rixae
854 1657 917 1711 Eris
934 1657 1073 1713 homerico
1091 1666 1224 1728 apparatu
1240 1658 1365 1728 procedit
1383 1662 1433 1724 (22.
1446 1662 1497 1724 21).
1532 1657 1584 1713 hac
1599 1659 1665 1714 inci·

411 1752 485 1800 tatus
497 1745 663 1813 Protagoras
673 1741 797 1797 mortalis
807 1741 892 1797 homo
911 1739 1077 1811 [ἐριζέμεναι
1091 1734 1123 1800 εὖ
1135 1739 1216 1809 εἰδώς
1226 1743 1260 1798 11.
1271 1747 1314 1809 41]
1326 1742 1510 1812 1333331133
1521 1743 1664 1811 procurrit.

412 1847 474 1884 nam
491 1830 521 1883 in
538 1828 597 1883 3133
614 1833 697 1896 caput
717 1826 764 1881 illa
781 1826 870 1895 prima
891 1828 978 1882 ruisse
995 1827 1106 1883 videtur
1123 1832 1174 1894 (21,
1190 1833 1226 1894 4).
1260 1834 1356 1884 movet
1378 1834 1469 1883 autom
1492 1827 1560 1881 Erin
1575 1827 1664 1896 plebis

412 1913 562 1970 eruditulae
580 1913 738 1978 assentatio,
761 1912 835 1967 unde
851 1912 881 1966 in
904 1911 1035 1982 sophistis
1057 1913 1145 1968 oritur
1165 1913 1278 1969 morbus
1299 1913 1424 1983 garrulus
1442 1915 1557 1978 [νοῦσος
1574 1909 1663 1984 litat

410 2015 494 2069 porro
511 2014 546 2053 ex
563 1995 615 2052 hac
631 1999 848 2068 laycorcppolar
870 1997 1053 2067 sophistarum
1076 1998 1163 2053 oritur
1179 2000 1351 2071 λογομαχία,
1375 1997 1440 2052 (1311
1463 1994 1663 2053 3113131131311Ι

411 2083 577 2154 disputando
588 2090 699 2153 superat
710 2082 905 2152 discipulorum
917 2098 1018 2146 corona
1029 2082 1185 2152 plaudente.
1214 2099 1311 2138 verum
1323 2084 1395 2138 enim
1405 2097 1474 2137 vero
1491 2088 1556 2151 post
1566 2080 1663 2138 brevia

409 2169 464 2224 ista
485 2168 587 2238 gaudia
602 2166 725 2238 paenitet
747 2182 795 2222 eos
817 2169 876 2236 spei
899 2168 1030 2236 deceptae
1053 2169 1181 2238 vitaeque
1205 2174 1234 2224 et
1253 2168 1386 2237 pecuniae
1406 2167 1530 2236 perditae
1548 2171 1599 2231 (65.
1611 2171 1662 2233 66).

410 2255 508 2310 vident
524 2254 596 2309 enim
613 2268 644 2308 se
660 2252 775 2307 istorum
796 2252 912 2307 avaritia
929 2253 1021 2317 (velut
1031 2253 1141 2308 Prodici
1155 2256 1201 2312 18)
1219 2252 1360 2322 spoliatos.
1389 2251 1497 2308 interim
1514 2251 1663 2308 nobiliores

409 2337 566 2408 philosophi
583 2338 613 2392 in
629 2337 749 2392 medium
767 2338 883 2392 veniunt
899 2336 1053 2393 Heraclitus
1071 2338 1206 2407 scepticae
1222 2337 1339 2393 rationis
1357 2336 1435 2407 quasi
1453 2342 1548 2391 auctor
1564 2340 1616 2400 (43)
1635 2342 1664 2391 31

409 2423 535 2479 83313133
551 2438 639 2491 33333
656 2437 803 2492 germanus
819 2422 962 2490 scepticus,
980 2424 1027 2492 qui
1044 2429 1137 2478 tamen
1154 2439 1169 2478 e
1187 2422 1268 2477 turba
1285 2421 1468 2491 sophistarum
1486 2436 1516 2476 se
1538 2427 1663 2476 removet

410 2513 470 2575 (25).
505 2507 597 2576 aliqua
615 2507 674 2562 sine
691 2506 778 2562 dubio
795 2523 859 2576 pars
875 2506 930 2562 fuit
946 2508 1028 2562 etiam
1040 2507 1163 2563 Platonis
1180 2510 1242 2573 (19).
1270 2506 1325 2562 iarn
1343 2505 1449 2562 robusti
1466 2504 1600 2561 accedunt
1616 2506 1663 2559 tri·

408 2594 458 2648 3111
476 2593 561 2650 Stoici
578 2597 766 2661 paupertatem
779 2591 1009 2647 commendantes.
1038 2593 1110 2648 inter
1127 2608 1198 2662 quos
1209 2593 1302 2647 Zenon
1319 2607 1381 2646 cum
1398 2589 1538 2659 discipulis
1549 2583 1663 2659 apparet

409 2683 459 2745 (39.
474 2682 578 2738 1314).
612 2676 750 2731 labantem
768 2676 986 2745 dogmaticorum
1004 2679 1089 2732 aciem
1100 2677 1235 2732 instaurat
1252 2677 1330 2747 quasi
1347 2676 1416 2731 31131
1427 2674 1503 2730 Aiax
1516 2673 1662 2730 Cleanthes

408 2767 450 2817 41.
479 2768 639 2831 punguntur
649 2767 789 2830 praeterea
800 2763 893 2817 nescio
906 2777 977 2831 quae
993 2762 1111 2831 gumiae,
1130 2778 1201 2830 quae
1212 2761 1386 2816 131131133113
1397 2759 1479 2829 gulae
1496 2776 1513 2814 3
1529 2766 1603 2816 13313
1614 2760 1662 2815 via

407 2853 473 2902 suut
483 2846 612 2901 seductae
625 2848 739 2911 (58.16).
762 2861 797 2900 33
807 2846 947 2901 Arcesilas
960 2847 1070 2916 quidem
1082 2846 1166 2903 horno
1178 2845 1449 2902 maledicentissimus
1462 2849 1513 2909 (33)
1525 2851 1554 2900 31
1564 2847 1661 2915 scepti-

407 2932 493 2987 cismo
510 2932 651 3001 proximus
668 2934 721 2996 (55)
744 2947 825 2986 omne
847 2930 912 2985 tulit
931 2937 1063 2999 puuctum
1086 2933 1187 3001 quippe
1203 2930 1278 3002 plebi
1301 2928 1471 2997 mancipatus
1494 2933 1555 2996 (34).
1590 2947 1661 2985 uuus
1741 2949 1743 2952 ¹

405 3016 569 3086 relinquitur
585 3016 660 3071 omni
676 3015 746 3071 vitio
764 3032 867 3083 331313,
889 3016 1009 3071 invictus
1031 3015 1214 3085 sophistarum
1237 3014 1355 3071 tumultu
1377 3019 1406 3068 31
1426 3013 1660 3083 131133133133133

405 3099 611 3170 cupiditatibus,
633 3098 760 3171 Pyrrhou
777 3104 811 3166 (8.
824 3105 858 3165 9).

507 3185 678 3240 Ρ13331313
690 3185 805 3241 alterum
816 3185 897 3254 primi
909 3184 972 3240 libri
984 3185 1075 3240 sillum
1087 3189 1262 3255 (3331333311
1271 3182 1467 3254 huiusordiuis
1478 3198 1560 3239 nomo
1571 3184 1659 3248 133113)

404 3270 484 3325 facile
502 3285 645 3338 agnoscas,
668 3269 692 3323 si
710 3269 864 3338 fragmenta
881 3275 923 3325 36.
935 3274 977 3324 31.
991 3273 1032 3324 32.
1045 3273 1086 3324 38.
1100 3274 1142 3324 52.
1155 3273 1195 3324 63.
1208 3273 1241 3323 64
1263 3274 1336 3324 recte
1353 3268 1514 3336 exphcueris
1530 3273 1658 3338 13313333

404 3356 539 3411 nexueris.
569 3370 603 3409 31
618 3354 698 3408 Plato
717 3354 774 3408 dux
791 3356 863 3424 regit
879 3371 995 3411 examen
1013 3355 1137 3424 piscium,
1154 3353 1254 3411 mullus
1273 3353 1440 3423 praenobilis
1458 3356 1519 3419 (30),
1537 3353 1659 3422 33331131

404 3439 544 3494 Arcesilas
561 3438 689 3507 gracilior
704 3439 750 3495 ille
768 3440 879 3509 quidem
896 3445 926 3494 at
942 3445 1110 3494 sustentatas
1127 3438 1353 3508 gravissimorum
1369 3437 1486 3507 piscium
1498 3437 1658 3501 Menedemi,

403 3523 530 3589 Diodori,
547 3523 698 3594 Pyrrhonis
716 3524 819 3580 auxilio
838 3529 898 3591 (30).
934 3524 970 3580 ad
988 3539 1037 3579 eos
1053 3524 1176 3580 natando
1194 3541 1224 3580 33
1241 3525 1344 3593 recipit,
1361 3522 1527 3591 ubicumque
1544 3521 1658 3592 dogma·

403 3608 451 3664 tici
462 3609 611 3678 piscatores
628 3610 697 3664 retia
708 3609 867 3665 subtilitatis
884 3616 913 3664 31
930 3610 987 3665 doli
998 3608 1081 3678 plena
1097 3609 1126 3663 in
1143 3624 1243 3677 333311
1255 3609 1411 3664 deiecerunt
1427 3610 1489 3671 (32).
1518 3607 1590 3661 11131
1606 3604 1658 3662 hos

402 3693 525 3763 pingitur
542 3693 625 3759 Zeno,
648 3711 716 3749 3133
732 3694 885 3750 Phoenissa
901 3694 1047 3764 ligurriens
1068 3692 1222 3763 pisciculos,
1244 3709 1353 3748 nussam
1371 3692 1530 3748 observans.
1566 3697 1595 3746 at
1611 3691 1668 3750 illa,

402 3779 484 3833 nimis
501 3785 578 3834 curta
595 3785 624 3834 et
640 3795 709 3834 auus
726 3780 807 3835 uimis
824 3779 942 3849 stupida
978 3778 1017 3833 sic
1035 3777 1154 3833 31113311
1170 3794 1232 3833 cum
1248 3778 1363 3833 flumine
1381 3785 1410 3832 31
1426 3793 1508 3832 nassa
1525 3782 1553 3831 et
1569 3776 1657 3845 pisces

402 3866 464 3930 (38).
492 3865 629 3933 pertinent
645 3863 682 3918 ad
694 3864 781 3918 lusum
793 3864 979 3933 piscatorium,
997 3879 1078 3933 33313
1096 3864 1125 3917 11
1137 3863 1276 3919 Ρ13331ο13
1293 3879 1316 3918 3.
1328 3868 1361 3917 47
1372 3878 1432 3932 333.
1450 3862 1586 3916 Lucianus
1597 3862 1657 3916 imi-

402 3953 476 4003 tatus
493 3953 536 4003 331
553 3951 593 4013 (31
604 3947 702 4003 Timon
720 3950 779 4018 ipse
790 3948 963 4004 Archestrati
979 3948 1048 4004 iocis
1059 3954 1151 4004 motus
1162 3948 1290 4017 videtur),
1307 3953 1449 4017 praeterea
1459 3948 1493 4002 fr.
1506 3952 1547 4002 52.
1560 3951 1601 4002 63.
1614 3951 1655 4002 64.

503 4033 533 4085 11
550 4031 636 4088 311313
649 4032 719 4089 libro
731 4034 868 4103 Neoyia,
885 4040 918 4088 ut
935 4033 982 4088 diu
994 4034 1135 4102 cognitum
1147 4038 1197 4098 est,
1215 4038 1440 4102 repraesentatur.
1469 4032 1570 4088 indicio
1583 4032 1655 4088 eninr

401 4121 467 4170 sunt
476 4115 599 4186 inprimis
616 4117 750 4173 formulae
761 4118 915 4174 homericae
933 4112 997 4175 οἷον
1014 4124 1044 4173 31
1059 4117 1172 4173 videndi
1184 4116 1308 4184 verbum,
1327 4117 1427 4186 quibus
1438 4123 1579 4186 13333331
1595 4118 1655 4171 vin-

401 4201 463 4256 culo
480 4217 578 4256 scenae
595 4217 628 4256 ao
644 4218 777 4270 personae
803 4203 928 4274 singulae
950 4202 1131 4259 continentur.
1166 4201 1276 4257 1111331
1298 4202 1384 4271 igitur
1400 4202 1428 4255 in
1452 4216 1544 4256 orcum
1562 4200 1654 4256 delato

400 4287 479 4340 velut
495 4285 573 4340 altari
586 4285 661 4340 Ulixi
674 4286 837 4357 obstrepunt
853 4287 966 4343 umbrae
979 4285 1214 4358 philosophorum.
1243 4291 1273 4341 iu
1289 4287 1379 4356 primo
1392 4287 1487 4342 ordine
1498 4284 1656 4354 agnoscitur

400 4369 575 4426 Democritus
591 4387 679 4440 paene
690 4371 826 4440 perfectus
844 4373 977 4444 scepticus
995 4375 1057 4438 (46),
1073 4378 1132 4426 tum
1144 4371 1214 4426 varii
1225 4372 1311 4427 variis
1322 4372 1426 4427 artibus
1443 4370 1550 4427 nobiles
1566 4368 1654 4439 philo·

399 4453 480 4523 sophi
491 4454 591 4510 1113133
602 4459 663 4520 (13),
675 4455 848 4526 Pythagoras
859 4461 920 4523 (57),
931 4456 1109 4512 Parmenides
1121 4459 1182 4523 (44),
1193 4457 1268 4511 Zeno
1279 4455 1389 4511 Eleates
1401 4471 1463 4511 cum
1471 4455 1581 4510 Melisso
1593 4458 1654 4522 (45),

398 4539 580 4608 Empedocles
591 4545 652 4608 (42),
669 4541 849 4611 Anaxagoras
861 4547 923 4609 (24),
940 4542 1108 4612 Protagoras
1120 4546 1164 4611 (5),
1182 4557 1263 4611 quem
1274 4541 1422 4610 praecessit
1432 4539 1550 4596 tortasse
1561 4540 1654 4596 Xeno-

398 4624 504 4693 phanes
516 4629 647 4691 (60),1331
660 4632 732 4681 certe
744 4626 870 4683 Socrates
881 4633 910 4682 et
920 4627 1001 4682 Plato
1013 4626 1057 4694 (cf.
1070 4631 1112 4682 62.
1124 4630 1173 4692 19),
1186 4625 1356 4696 Speusippus
1368 4629 1428 4691 (56),
1442 4625 1488 4695 331
1500 4625 1653 4682 laudantur.

398 4715 428 4763 31
445 4710 631 4778 exploduntur
646 4710 747 4781 plebeii
766 4712 896 4768 Socratici
914 4710 1105 4777 Antisthenes,
1122 4710 1288 4779 Xenophon,
1305 4709 1468 4777 Aeschines,
1485 4710 1653 4780 Aristippus,
